trade_id,timestamp,market_id,buyer,seller,price,quantity,aggressor_side,label
T000001,2026-06-01 09:30:00,SP500-ABOVE-6000-JUN,ACCT010,ACCT002,49,27,buy,clean
T000002,2026-06-01 09:30:03,PRES-2028-DEM,ACCT017,ACCT035,37,180,sell,clean
T000003,2026-06-01 09:30:06,PRES-2028-DEM,ACCT013,ACCT030,46,87,buy,clean
T000004,2026-06-01 09:30:09,FED-CUT-JUL26,ACCT019,ACCT003,48,97,buy,clean
T000005,2026-06-01 09:30:12,SP500-ABOVE-6000-JUN,ACCT007,ACCT003,39,60,buy,clean
T000006,2026-06-01 09:30:15,FED-CUT-JUL26,ACCT013,ACCT026,39,175,buy,clean
T000007,2026-06-01 09:30:18,FED-CUT-JUL26,ACCT038,ACCT017,40,59,buy,clean
T000008,2026-06-01 09:30:21,SP500-ABOVE-6000-JUN,ACCT023,ACCT016,43,118,buy,clean
T000009,2026-06-01 09:30:24,SP500-ABOVE-6000-JUN,ACCT019,ACCT040,35,36,sell,clean
T000010,2026-06-01 09:30:27,PRES-2028-DEM,ACCT030,ACCT007,37,65,buy,clean
T000011,2026-06-01 09:30:30,FED-CUT-JUL26,ACCT013,ACCT032,69,129,buy,clean
T000012,2026-06-01 09:30:33,SP500-ABOVE-6000-JUN,ACCT015,ACCT012,44,136,buy,clean
T000013,2026-06-01 09:30:36,FED-CUT-JUL26,ACCT022,ACCT018,73,22,sell,clean
T000014,2026-06-01 09:30:39,SP500-ABOVE-6000-JUN,ACCT013,ACCT019,33,139,buy,clean
T000015,2026-06-01 09:30:42,SP500-ABOVE-6000-JUN,ACCT031,ACCT010,50,142,buy,clean
T000016,2026-06-01 09:30:45,SP500-ABOVE-6000-JUN,ACCT004,ACCT017,52,132,buy,clean
T000017,2026-06-01 09:30:48,SP500-ABOVE-6000-JUN,ACCT039,ACCT033,50,25,buy,clean
T000018,2026-06-01 09:30:51,SP500-ABOVE-6000-JUN,ACCT004,ACCT009,67,28,buy,clean
T000019,2026-06-01 09:30:54,FED-CUT-JUL26,ACCT014,ACCT020,26,141,buy,clean
T000020,2026-06-01 09:30:57,PRES-2028-DEM,ACCT013,ACCT029,41,16,buy,clean
T000021,2026-06-01 09:31:00,FED-CUT-JUL26,ACCT021,ACCT030,43,170,sell,clean
T000022,2026-06-01 09:31:03,PRES-2028-DEM,ACCT040,ACCT037,59,123,buy,clean
T000023,2026-06-01 09:31:06,PRES-2028-DEM,ACCT018,ACCT028,68,153,buy,clean
T000024,2026-06-01 09:31:09,FED-CUT-JUL26,ACCT019,ACCT016,44,34,sell,clean
T000025,2026-06-01 09:31:12,SP500-ABOVE-6000-JUN,ACCT039,ACCT009,57,90,buy,clean
T000026,2026-06-01 09:31:15,SP500-ABOVE-6000-JUN,ACCT022,ACCT036,72,170,buy,clean
T000027,2026-06-01 09:31:18,SP500-ABOVE-6000-JUN,ACCT038,ACCT012,47,53,sell,clean
T000028,2026-06-01 09:31:21,PRES-2028-DEM,ACCT008,ACCT030,51,34,sell,clean
T000029,2026-06-01 09:31:24,SP500-ABOVE-6000-JUN,ACCT001,ACCT010,72,140,buy,clean
T000030,2026-06-01 09:31:27,FED-CUT-JUL26,ACCT026,ACCT003,56,27,sell,clean
T000031,2026-06-01 09:31:30,PRES-2028-DEM,ACCT013,ACCT014,51,86,sell,clean
T000032,2026-06-01 09:31:33,PRES-2028-DEM,ACCT027,ACCT003,55,118,sell,clean
T000033,2026-06-01 09:31:36,PRES-2028-DEM,ACCT028,ACCT024,49,90,sell,clean
T000034,2026-06-01 09:31:39,FED-CUT-JUL26,ACCT014,ACCT040,59,112,sell,clean
T000035,2026-06-01 09:31:42,SP500-ABOVE-6000-JUN,ACCT015,ACCT019,62,138,buy,clean
T000036,2026-06-01 09:31:45,FED-CUT-JUL26,ACCT023,ACCT010,48,105,sell,clean
T000037,2026-06-01 09:31:48,FED-CUT-JUL26,ACCT027,ACCT014,42,1,sell,clean
T000038,2026-06-01 09:31:51,SP500-ABOVE-6000-JUN,ACCT023,ACCT032,33,189,buy,clean
T000039,2026-06-01 09:31:54,SP500-ABOVE-6000-JUN,ACCT024,ACCT008,58,58,buy,clean
T000040,2026-06-01 09:31:57,FED-CUT-JUL26,ACCT007,ACCT032,35,179,sell,clean
T000041,2026-06-01 09:32:00,SP500-ABOVE-6000-JUN,ACCT001,ACCT009,51,179,sell,clean
T000042,2026-06-01 09:32:03,FED-CUT-JUL26,ACCT036,ACCT038,25,157,sell,clean
T000043,2026-06-01 09:32:06,FED-CUT-JUL26,ACCT031,ACCT019,50,200,sell,clean
T000044,2026-06-01 09:32:09,FED-CUT-JUL26,ACCT018,ACCT020,36,39,buy,clean
T000045,2026-06-01 09:32:12,FED-CUT-JUL26,ACCT024,ACCT037,45,100,buy,clean
T000046,2026-06-01 09:32:15,FED-CUT-JUL26,ACCT022,ACCT027,67,192,buy,clean
T000047,2026-06-01 09:32:18,PRES-2028-DEM,ACCT027,ACCT024,39,120,buy,clean
T000048,2026-06-01 09:32:21,SP500-ABOVE-6000-JUN,ACCT002,ACCT008,45,13,sell,clean
T000049,2026-06-01 09:32:24,FED-CUT-JUL26,ACCT027,ACCT020,50,21,sell,clean
T000050,2026-06-01 09:32:27,PRES-2028-DEM,ACCT003,ACCT002,57,40,buy,clean
T000051,2026-06-01 09:32:30,PRES-2028-DEM,ACCT032,ACCT019,50,192,buy,clean
T000052,2026-06-01 09:32:33,FED-CUT-JUL26,ACCT039,ACCT027,34,177,buy,clean
T000053,2026-06-01 09:32:36,SP500-ABOVE-6000-JUN,ACCT003,ACCT025,32,166,sell,clean
T000054,2026-06-01 09:32:39,FED-CUT-JUL26,ACCT032,ACCT012,32,70,sell,clean
T000055,2026-06-01 09:32:42,PRES-2028-DEM,ACCT008,ACCT020,56,157,sell,clean
T000056,2026-06-01 09:32:45,PRES-2028-DEM,ACCT034,ACCT016,44,153,sell,clean
T000057,2026-06-01 09:32:48,PRES-2028-DEM,ACCT018,ACCT029,29,166,sell,clean
T000058,2026-06-01 09:32:51,FED-CUT-JUL26,ACCT018,ACCT022,44,89,sell,clean
T000059,2026-06-01 09:32:54,FED-CUT-JUL26,ACCT022,ACCT019,52,191,buy,clean
T000060,2026-06-01 09:32:57,SP500-ABOVE-6000-JUN,ACCT036,ACCT021,72,93,buy,clean
T000061,2026-06-01 09:33:00,PRES-2028-DEM,ACCT004,ACCT038,42,193,sell,clean
T000062,2026-06-01 09:33:03,FED-CUT-JUL26,ACCT031,ACCT024,51,123,buy,clean
T000063,2026-06-01 09:33:06,SP500-ABOVE-6000-JUN,ACCT004,ACCT012,59,64,buy,clean
T000064,2026-06-01 09:33:09,FED-CUT-JUL26,ACCT031,ACCT022,73,159,buy,clean
T000065,2026-06-01 09:33:12,PRES-2028-DEM,ACCT013,ACCT018,52,116,sell,clean
T000066,2026-06-01 09:33:15,FED-CUT-JUL26,ACCT032,ACCT007,39,161,buy,clean
T000067,2026-06-01 09:33:18,PRES-2028-DEM,ACCT020,ACCT012,56,192,sell,clean
T000068,2026-06-01 09:33:21,SP500-ABOVE-6000-JUN,ACCT028,ACCT020,35,11,sell,clean
T000069,2026-06-01 09:33:24,SP500-ABOVE-6000-JUN,ACCT039,ACCT040,95,69,buy,clean
T000070,2026-06-01 09:33:27,FED-CUT-JUL26,ACCT014,ACCT040,29,121,sell,clean
T000071,2026-06-01 09:33:30,PRES-2028-DEM,ACCT024,ACCT029,46,195,buy,clean
T000072,2026-06-01 09:33:33,PRES-2028-DEM,ACCT028,ACCT035,50,119,sell,clean
T000073,2026-06-01 09:33:36,FED-CUT-JUL26,ACCT031,ACCT004,54,113,sell,clean
T000074,2026-06-01 09:33:39,FED-CUT-JUL26,ACCT038,ACCT001,44,30,sell,clean
T000075,2026-06-01 09:33:42,FED-CUT-JUL26,ACCT035,ACCT020,38,117,buy,clean
T000076,2026-06-01 09:33:45,PRES-2028-DEM,ACCT007,ACCT020,53,130,sell,clean
T000077,2026-06-01 09:33:48,SP500-ABOVE-6000-JUN,ACCT034,ACCT012,36,196,sell,clean
T000078,2026-06-01 09:33:51,PRES-2028-DEM,ACCT039,ACCT027,52,191,sell,clean
T000079,2026-06-01 09:33:54,PRES-2028-DEM,ACCT011,ACCT035,60,113,buy,clean
T000080,2026-06-01 09:33:57,FED-CUT-JUL26,ACCT012,ACCT007,18,178,sell,clean
T000081,2026-06-01 09:34:00,FED-CUT-JUL26,ACCT034,ACCT037,54,74,buy,clean
T000082,2026-06-01 09:34:03,SP500-ABOVE-6000-JUN,ACCT009,ACCT031,55,84,buy,clean
T000083,2026-06-01 09:34:06,PRES-2028-DEM,ACCT036,ACCT029,30,21,sell,clean
T000084,2026-06-01 09:34:09,FED-CUT-JUL26,ACCT019,ACCT032,49,74,buy,clean
T000085,2026-06-01 09:34:12,FED-CUT-JUL26,ACCT030,ACCT019,40,124,buy,clean
T000086,2026-06-01 09:34:15,FED-CUT-JUL26,ACCT021,ACCT002,67,145,buy,clean
T000087,2026-06-01 09:34:18,FED-CUT-JUL26,ACCT017,ACCT015,36,169,buy,clean
T000088,2026-06-01 09:34:21,PRES-2028-DEM,ACCT040,ACCT026,49,192,sell,clean
T000089,2026-06-01 09:34:24,FED-CUT-JUL26,ACCT036,ACCT035,69,124,sell,clean
T000090,2026-06-01 09:34:27,PRES-2028-DEM,ACCT017,ACCT028,71,102,buy,clean
T000091,2026-06-01 09:34:30,SP500-ABOVE-6000-JUN,ACCT019,ACCT040,37,173,buy,clean
T000092,2026-06-01 09:34:33,SP500-ABOVE-6000-JUN,ACCT017,ACCT007,41,167,sell,clean
T000093,2026-06-01 09:34:36,FED-CUT-JUL26,ACCT034,ACCT010,70,117,sell,clean
T000094,2026-06-01 09:34:39,SP500-ABOVE-6000-JUN,ACCT009,ACCT034,28,177,sell,clean
T000095,2026-06-01 09:34:42,FED-CUT-JUL26,ACCT009,ACCT026,18,102,sell,clean
T000096,2026-06-01 09:34:45,PRES-2028-DEM,ACCT002,ACCT004,52,145,buy,clean
T000097,2026-06-01 09:34:48,PRES-2028-DEM,ACCT024,ACCT012,53,38,buy,clean
T000098,2026-06-01 09:34:51,PRES-2028-DEM,ACCT011,ACCT001,36,5,buy,clean
T000099,2026-06-01 09:34:54,SP500-ABOVE-6000-JUN,ACCT010,ACCT007,29,28,sell,clean
T000100,2026-06-01 09:34:57,SP500-ABOVE-6000-JUN,ACCT036,ACCT022,20,123,sell,clean
T000101,2026-06-01 09:35:00,FED-CUT-JUL26,ACCT007,ACCT008,47,160,sell,clean
T000102,2026-06-01 09:35:03,FED-CUT-JUL26,ACCT009,ACCT010,60,185,buy,clean
T000103,2026-06-01 09:35:06,FED-CUT-JUL26,ACCT028,ACCT029,48,66,sell,clean
T000104,2026-06-01 09:35:09,PRES-2028-DEM,ACCT008,ACCT030,66,143,buy,clean
T000105,2026-06-01 09:35:12,SP500-ABOVE-6000-JUN,ACCT030,ACCT004,65,148,buy,clean
T000106,2026-06-01 09:35:15,FED-CUT-JUL26,ACCT038,ACCT026,57,110,buy,clean
T000107,2026-06-01 09:35:18,FED-CUT-JUL26,ACCT024,ACCT025,74,103,buy,clean
T000108,2026-06-01 09:35:21,PRES-2028-DEM,ACCT027,ACCT029,43,84,buy,clean
T000109,2026-06-01 09:35:24,PRES-2028-DEM,ACCT008,ACCT020,38,107,sell,clean
T000110,2026-06-01 09:35:27,FED-CUT-JUL26,ACCT040,ACCT034,39,154,buy,clean
T000111,2026-06-01 09:35:30,PRES-2028-DEM,ACCT019,ACCT021,49,45,buy,clean
T000112,2026-06-01 09:35:33,SP500-ABOVE-6000-JUN,ACCT025,ACCT007,34,118,buy,clean
T000113,2026-06-01 09:35:36,SP500-ABOVE-6000-JUN,ACCT029,ACCT021,51,159,sell,clean
T000114,2026-06-01 09:35:39,PRES-2028-DEM,ACCT030,ACCT040,46,191,sell,clean
T000115,2026-06-01 09:35:42,SP500-ABOVE-6000-JUN,ACCT010,ACCT036,23,187,buy,clean
T000116,2026-06-01 09:35:45,PRES-2028-DEM,ACCT012,ACCT007,59,194,sell,clean
T000117,2026-06-01 09:35:48,PRES-2028-DEM,ACCT033,ACCT031,35,91,buy,clean
T000118,2026-06-01 09:35:51,FED-CUT-JUL26,ACCT021,ACCT007,29,153,sell,clean
T000119,2026-06-01 09:35:54,SP500-ABOVE-6000-JUN,ACCT015,ACCT023,38,116,buy,clean
T000120,2026-06-01 09:35:57,PRES-2028-DEM,ACCT018,ACCT031,64,94,sell,clean
T000121,2026-06-01 09:36:00,SP500-ABOVE-6000-JUN,ACCT004,ACCT024,54,73,sell,clean
T000122,2026-06-01 09:36:03,PRES-2028-DEM,ACCT025,ACCT022,68,153,buy,clean
T000123,2026-06-01 09:36:06,SP500-ABOVE-6000-JUN,ACCT036,ACCT008,42,93,sell,clean
T000124,2026-06-01 09:36:09,FED-CUT-JUL26,ACCT015,ACCT017,56,26,buy,clean
T000125,2026-06-01 09:36:12,PRES-2028-DEM,ACCT013,ACCT031,60,114,sell,clean
T000126,2026-06-01 09:36:15,FED-CUT-JUL26,ACCT015,ACCT026,43,197,sell,clean
T000127,2026-06-01 09:36:18,SP500-ABOVE-6000-JUN,ACCT011,ACCT019,63,27,buy,clean
T000128,2026-06-01 09:36:21,SP500-ABOVE-6000-JUN,ACCT012,ACCT030,72,90,buy,clean
T000129,2026-06-01 09:36:24,PRES-2028-DEM,ACCT027,ACCT008,47,183,sell,clean
T000130,2026-06-01 09:36:27,FED-CUT-JUL26,ACCT011,ACCT033,48,66,buy,clean
T000131,2026-06-01 09:36:30,PRES-2028-DEM,ACCT022,ACCT010,61,118,buy,clean
T000132,2026-06-01 09:36:33,SP500-ABOVE-6000-JUN,ACCT039,ACCT018,48,440,buy,clean
T000133,2026-06-01 09:36:36,PRES-2028-DEM,ACCT036,ACCT026,63,130,buy,clean
T000134,2026-06-01 09:36:39,FED-CUT-JUL26,ACCT019,ACCT002,47,169,buy,clean
T000135,2026-06-01 09:36:42,SP500-ABOVE-6000-JUN,ACCT024,ACCT014,58,123,buy,clean
T000136,2026-06-01 09:36:45,PRES-2028-DEM,ACCT003,ACCT015,57,102,sell,clean
T000137,2026-06-01 09:36:48,PRES-2028-DEM,ACCT024,ACCT020,58,191,sell,clean
T000138,2026-06-01 09:36:51,FED-CUT-JUL26,ACCT026,ACCT036,49,111,buy,clean
T000139,2026-06-01 09:36:54,FED-CUT-JUL26,ACCT021,ACCT022,32,114,sell,clean
T000140,2026-06-01 09:36:57,FED-CUT-JUL26,ACCT020,ACCT004,65,192,buy,clean
T000141,2026-06-01 09:37:00,PRES-2028-DEM,ACCT018,ACCT026,31,40,sell,clean
T000142,2026-06-01 09:37:03,SP500-ABOVE-6000-JUN,ACCT011,ACCT036,43,30,buy,clean
T000143,2026-06-01 09:37:06,SP500-ABOVE-6000-JUN,ACCT010,ACCT019,52,157,sell,clean
T000144,2026-06-01 09:37:09,PRES-2028-DEM,ACCT031,ACCT014,60,175,sell,clean
T000145,2026-06-01 09:37:12,FED-CUT-JUL26,ACCT013,ACCT014,53,52,buy,clean
T000146,2026-06-01 09:37:15,SP500-ABOVE-6000-JUN,ACCT026,ACCT032,55,23,buy,clean
T000147,2026-06-01 09:37:18,FED-CUT-JUL26,ACCT039,ACCT007,57,120,sell,clean
T000148,2026-06-01 09:37:21,PRES-2028-DEM,ACCT010,ACCT036,54,182,buy,clean
T000149,2026-06-01 09:37:24,SP500-ABOVE-6000-JUN,ACCT038,ACCT020,57,129,buy,clean
T000150,2026-06-01 09:37:27,SP500-ABOVE-6000-JUN,ACCT024,ACCT039,73,165,sell,clean
T000151,2026-06-01 09:37:30,SP500-ABOVE-6000-JUN,ACCT037,ACCT021,43,176,sell,clean
T000152,2026-06-01 09:37:33,PRES-2028-DEM,ACCT031,ACCT029,41,81,sell,clean
T000153,2026-06-01 09:37:36,SP500-ABOVE-6000-JUN,ACCT038,ACCT009,44,64,buy,clean
T000154,2026-06-01 09:37:39,SP500-ABOVE-6000-JUN,ACCT029,ACCT018,75,148,sell,clean
T000155,2026-06-01 09:37:42,FED-CUT-JUL26,ACCT034,ACCT022,44,118,buy,clean
T000156,2026-06-01 09:37:45,FED-CUT-JUL26,ACCT033,ACCT021,27,68,sell,clean
T000157,2026-06-01 09:37:48,SP500-ABOVE-6000-JUN,ACCT038,ACCT015,43,116,sell,clean
T000158,2026-06-01 09:37:51,FED-CUT-JUL26,ACCT038,ACCT026,50,129,buy,clean
T000159,2026-06-01 09:37:54,FED-CUT-JUL26,ACCT036,ACCT032,65,157,sell,clean
T000160,2026-06-01 09:37:57,SP500-ABOVE-6000-JUN,ACCT035,ACCT037,34,5,sell,clean
T000161,2026-06-01 09:38:00,SP500-ABOVE-6000-JUN,ACCT002,ACCT033,48,149,buy,clean
T000162,2026-06-01 09:38:03,SP500-ABOVE-6000-JUN,ACCT027,ACCT012,53,180,buy,clean
T000163,2026-06-01 09:38:06,PRES-2028-DEM,ACCT029,ACCT016,32,189,buy,clean
T000164,2026-06-01 09:38:09,SP500-ABOVE-6000-JUN,ACCT033,ACCT036,28,137,sell,clean
T000165,2026-06-01 09:38:12,PRES-2028-DEM,ACCT018,ACCT020,41,77,sell,clean
T000166,2026-06-01 09:38:15,SP500-ABOVE-6000-JUN,ACCT020,ACCT021,62,102,sell,clean
T000167,2026-06-01 09:38:18,SP500-ABOVE-6000-JUN,ACCT008,ACCT025,65,55,buy,clean
T000168,2026-06-01 09:38:21,PRES-2028-DEM,ACCT009,ACCT040,50,58,buy,clean
T000169,2026-06-01 09:38:24,FED-CUT-JUL26,ACCT009,ACCT011,65,105,sell,clean
T000170,2026-06-01 09:38:27,SP500-ABOVE-6000-JUN,ACCT004,ACCT008,44,10,buy,clean
T000171,2026-06-01 09:38:30,FED-CUT-JUL26,ACCT034,ACCT014,78,10,buy,clean
T000172,2026-06-01 09:38:33,SP500-ABOVE-6000-JUN,ACCT037,ACCT036,21,120,sell,clean
T000173,2026-06-01 09:38:36,FED-CUT-JUL26,ACCT019,ACCT014,60,173,buy,clean
T000174,2026-06-01 09:38:39,PRES-2028-DEM,ACCT028,ACCT009,52,64,buy,clean
T000175,2026-06-01 09:38:42,FED-CUT-JUL26,ACCT024,ACCT022,36,93,buy,clean
T000176,2026-06-01 09:38:45,FED-CUT-JUL26,ACCT035,ACCT022,43,95,buy,clean
T000177,2026-06-01 09:38:48,SP500-ABOVE-6000-JUN,ACCT026,ACCT029,42,171,buy,clean
T000178,2026-06-01 09:38:51,SP500-ABOVE-6000-JUN,ACCT026,ACCT007,55,130,buy,clean
T000179,2026-06-01 09:38:54,SP500-ABOVE-6000-JUN,ACCT031,ACCT010,41,131,sell,clean
T000180,2026-06-01 09:38:57,FED-CUT-JUL26,ACCT039,ACCT004,33,6,sell,clean
T000181,2026-06-01 09:39:00,PRES-2028-DEM,ACCT030,ACCT025,45,18,sell,clean
T000182,2026-06-01 09:39:03,PRES-2028-DEM,ACCT029,ACCT026,61,97,sell,clean
T000183,2026-06-01 09:39:06,SP500-ABOVE-6000-JUN,ACCT028,ACCT036,73,194,buy,clean
T000184,2026-06-01 09:39:09,FED-CUT-JUL26,ACCT017,ACCT018,43,186,buy,clean
T000185,2026-06-01 09:39:12,PRES-2028-DEM,ACCT009,ACCT003,33,63,buy,clean
T000186,2026-06-01 09:39:15,PRES-2028-DEM,ACCT011,ACCT035,58,148,sell,clean
T000187,2026-06-01 09:39:18,PRES-2028-DEM,ACCT036,ACCT017,41,152,buy,clean
T000188,2026-06-01 09:39:21,SP500-ABOVE-6000-JUN,ACCT027,ACCT036,44,97,buy,clean
T000189,2026-06-01 09:39:24,FED-CUT-JUL26,ACCT012,ACCT032,63,143,buy,clean
T000190,2026-06-01 09:39:27,SP500-ABOVE-6000-JUN,ACCT008,ACCT031,53,49,buy,clean
T000191,2026-06-01 09:39:30,PRES-2028-DEM,ACCT040,ACCT038,51,78,buy,clean
T000192,2026-06-01 09:39:33,FED-CUT-JUL26,ACCT018,ACCT016,42,73,sell,clean
T000193,2026-06-01 09:39:36,SP500-ABOVE-6000-JUN,ACCT034,ACCT032,77,82,buy,clean
T000194,2026-06-01 09:39:39,PRES-2028-DEM,ACCT012,ACCT002,48,107,sell,clean
T000195,2026-06-01 09:39:42,SP500-ABOVE-6000-JUN,ACCT018,ACCT034,22,196,sell,clean
T000196,2026-06-01 09:39:45,FED-CUT-JUL26,ACCT013,ACCT011,47,139,buy,clean
T000197,2026-06-01 09:39:48,SP500-ABOVE-6000-JUN,ACCT004,ACCT001,30,182,buy,clean
T000198,2026-06-01 09:39:51,PRES-2028-DEM,ACCT033,ACCT034,64,5,sell,clean
T000199,2026-06-01 09:39:54,SP500-ABOVE-6000-JUN,ACCT030,ACCT014,54,50,sell,clean
T000200,2026-06-01 09:39:57,FED-CUT-JUL26,ACCT032,ACCT039,50,21,buy,clean
T000201,2026-06-01 09:40:00,FED-CUT-JUL26,ACCT004,ACCT001,48,166,sell,clean
T000202,2026-06-01 09:40:03,PRES-2028-DEM,ACCT016,ACCT039,46,72,buy,clean
T000203,2026-06-01 09:40:06,SP500-ABOVE-6000-JUN,ACCT012,ACCT028,59,146,sell,clean
T000204,2026-06-01 09:40:09,PRES-2028-DEM,ACCT008,ACCT035,49,60,buy,clean
T000205,2026-06-01 09:40:12,FED-CUT-JUL26,ACCT031,ACCT034,52,48,sell,clean
T000206,2026-06-01 09:40:15,PRES-2028-DEM,ACCT020,ACCT012,34,100,sell,clean
T000207,2026-06-01 09:40:18,FED-CUT-JUL26,ACCT031,ACCT026,50,111,sell,clean
T000208,2026-06-01 09:40:21,FED-CUT-JUL26,ACCT038,ACCT008,32,4,sell,clean
T000209,2026-06-01 09:40:24,SP500-ABOVE-6000-JUN,ACCT018,ACCT039,31,69,sell,clean
T000210,2026-06-01 09:40:27,FED-CUT-JUL26,ACCT020,ACCT029,43,64,sell,clean
T000211,2026-06-01 09:40:30,PRES-2028-DEM,ACCT028,ACCT024,56,113,sell,clean
T000212,2026-06-01 09:40:33,SP500-ABOVE-6000-JUN,ACCT015,ACCT033,37,75,sell,clean
T000213,2026-06-01 09:40:36,FED-CUT-JUL26,ACCT026,ACCT010,57,47,buy,clean
T000214,2026-06-01 09:40:39,SP500-ABOVE-6000-JUN,ACCT007,ACCT029,46,65,buy,clean
T000215,2026-06-01 09:40:42,SP500-ABOVE-6000-JUN,ACCT033,ACCT040,38,178,sell,clean
T000216,2026-06-01 09:40:45,SP500-ABOVE-6000-JUN,ACCT008,ACCT009,52,166,buy,clean
T000217,2026-06-01 09:40:48,FED-CUT-JUL26,ACCT009,ACCT001,56,143,buy,clean
T000218,2026-06-01 09:40:51,SP500-ABOVE-6000-JUN,ACCT040,ACCT035,74,76,sell,clean
T000219,2026-06-01 09:40:54,FED-CUT-JUL26,ACCT032,ACCT016,38,185,sell,clean
T000220,2026-06-01 09:40:57,SP500-ABOVE-6000-JUN,ACCT010,ACCT002,60,43,buy,clean
T000221,2026-06-01 09:41:00,SP500-ABOVE-6000-JUN,ACCT030,ACCT032,51,164,sell,clean
T000222,2026-06-01 09:41:03,FED-CUT-JUL26,ACCT027,ACCT001,47,17,buy,clean
T000223,2026-06-01 09:41:06,FED-CUT-JUL26,ACCT010,ACCT019,43,81,sell,clean
T000224,2026-06-01 09:41:09,FED-CUT-JUL26,ACCT014,ACCT022,63,81,buy,clean
T000225,2026-06-01 09:41:12,SP500-ABOVE-6000-JUN,ACCT012,ACCT035,37,109,buy,clean
T000226,2026-06-01 09:41:15,FED-CUT-JUL26,ACCT011,ACCT014,44,92,buy,clean
T000227,2026-06-01 09:41:18,SP500-ABOVE-6000-JUN,ACCT035,ACCT034,38,114,sell,clean
T000228,2026-06-01 09:41:21,PRES-2028-DEM,ACCT021,ACCT003,47,118,sell,clean
T000229,2026-06-01 09:41:24,SP500-ABOVE-6000-JUN,ACCT026,ACCT037,51,140,buy,clean
T000230,2026-06-01 09:41:27,PRES-2028-DEM,ACCT031,ACCT019,37,31,buy,clean
T000231,2026-06-01 09:41:30,PRES-2028-DEM,ACCT016,ACCT004,36,44,sell,clean
T000232,2026-06-01 09:41:33,SP500-ABOVE-6000-JUN,ACCT009,ACCT011,70,71,buy,clean
T000233,2026-06-01 09:41:36,PRES-2028-DEM,ACCT028,ACCT034,60,97,sell,clean
T000234,2026-06-01 09:41:39,FED-CUT-JUL26,ACCT026,ACCT032,60,199,buy,clean
T000235,2026-06-01 09:41:42,FED-CUT-JUL26,ACCT016,ACCT030,56,73,sell,clean
T000236,2026-06-01 09:41:45,FED-CUT-JUL26,ACCT004,ACCT003,67,32,buy,clean
T000237,2026-06-01 09:41:48,FED-CUT-JUL26,ACCT015,ACCT011,57,71,buy,clean
T000238,2026-06-01 09:41:51,SP500-ABOVE-6000-JUN,ACCT013,ACCT004,41,60,sell,clean
T000239,2026-06-01 09:41:54,PRES-2028-DEM,ACCT011,ACCT040,52,179,sell,clean
T000240,2026-06-01 09:41:57,PRES-2028-DEM,ACCT027,ACCT008,49,77,buy,clean
T000241,2026-06-01 09:42:00,SP500-ABOVE-6000-JUN,ACCT001,ACCT013,32,39,sell,clean
T000242,2026-06-01 09:42:03,PRES-2028-DEM,ACCT010,ACCT040,48,36,buy,clean
T000243,2026-06-01 09:42:06,SP500-ABOVE-6000-JUN,ACCT021,ACCT002,60,133,buy,clean
T000244,2026-06-01 09:42:09,PRES-2028-DEM,ACCT034,ACCT027,60,136,buy,clean
T000245,2026-06-01 09:42:12,SP500-ABOVE-6000-JUN,ACCT029,ACCT026,42,198,buy,clean
T000246,2026-06-01 09:42:15,PRES-2028-DEM,ACCT004,ACCT028,33,107,sell,clean
T000247,2026-06-01 09:42:18,PRES-2028-DEM,ACCT020,ACCT008,44,40,sell,clean
T000248,2026-06-01 09:42:21,SP500-ABOVE-6000-JUN,ACCT018,ACCT004,50,157,buy,clean
T000249,2026-06-01 09:42:24,PRES-2028-DEM,ACCT001,ACCT013,38,185,sell,clean
T000250,2026-06-01 09:42:27,FED-CUT-JUL26,ACCT010,ACCT002,43,68,buy,clean
T000251,2026-06-01 09:42:30,FED-CUT-JUL26,ACCT039,ACCT013,43,147,buy,clean
T000252,2026-06-01 09:42:33,PRES-2028-DEM,ACCT018,ACCT003,38,10,sell,clean
T000253,2026-06-01 09:42:36,SP500-ABOVE-6000-JUN,ACCT023,ACCT020,57,173,buy,clean
T000254,2026-06-01 09:42:39,FED-CUT-JUL26,ACCT007,ACCT032,63,23,sell,clean
T000255,2026-06-01 09:42:42,FED-CUT-JUL26,ACCT018,ACCT032,28,199,buy,clean
T000256,2026-06-01 09:42:45,FED-CUT-JUL26,ACCT002,ACCT017,33,3,sell,clean
T000257,2026-06-01 09:42:48,SP500-ABOVE-6000-JUN,ACCT018,ACCT029,45,183,sell,clean
T000258,2026-06-01 09:42:51,SP500-ABOVE-6000-JUN,ACCT029,ACCT026,30,130,buy,clean
T000259,2026-06-01 09:42:54,SP500-ABOVE-6000-JUN,ACCT011,ACCT018,43,101,sell,clean
T000260,2026-06-01 09:42:57,PRES-2028-DEM,ACCT011,ACCT040,54,81,sell,clean
T000261,2026-06-01 09:43:00,FED-CUT-JUL26,ACCT019,ACCT010,68,181,buy,clean
T000262,2026-06-01 09:43:03,PRES-2028-DEM,ACCT025,ACCT028,32,45,buy,clean
T000263,2026-06-01 09:43:06,PRES-2028-DEM,ACCT009,ACCT032,67,16,buy,clean
T000264,2026-06-01 09:43:09,SP500-ABOVE-6000-JUN,ACCT008,ACCT040,27,17,buy,clean
T000265,2026-06-01 09:43:12,FED-CUT-JUL26,ACCT010,ACCT003,53,111,sell,clean
T000266,2026-06-01 09:43:15,PRES-2028-DEM,ACCT025,ACCT016,58,39,buy,clean
T000267,2026-06-01 09:43:18,SP500-ABOVE-6000-JUN,ACCT033,ACCT004,60,165,buy,clean
T000268,2026-06-01 09:43:21,FED-CUT-JUL26,ACCT033,ACCT037,52,83,sell,clean
T000269,2026-06-01 09:43:24,PRES-2028-DEM,ACCT002,ACCT020,84,197,buy,clean
T000270,2026-06-01 09:43:27,FED-CUT-JUL26,ACCT037,ACCT004,52,100,sell,clean
T000271,2026-06-01 09:43:30,SP500-ABOVE-6000-JUN,ACCT025,ACCT040,68,145,buy,clean
T000272,2026-06-01 09:43:33,PRES-2028-DEM,ACCT034,ACCT003,57,135,sell,clean
T000273,2026-06-01 09:43:36,FED-CUT-JUL26,ACCT014,ACCT023,56,37,buy,clean
T000274,2026-06-01 09:43:39,SP500-ABOVE-6000-JUN,ACCT028,ACCT040,58,41,sell,clean
T000275,2026-06-01 09:43:42,SP500-ABOVE-6000-JUN,ACCT025,ACCT017,38,188,sell,clean
T000276,2026-06-01 09:43:45,SP500-ABOVE-6000-JUN,ACCT028,ACCT039,65,157,buy,clean
T000277,2026-06-01 09:43:48,SP500-ABOVE-6000-JUN,ACCT007,ACCT018,43,23,sell,clean
T000278,2026-06-01 09:43:51,SP500-ABOVE-6000-JUN,ACCT007,ACCT025,49,448,sell,clean
T000279,2026-06-01 09:43:54,FED-CUT-JUL26,ACCT025,ACCT037,34,148,buy,clean
T000280,2026-06-01 09:43:57,PRES-2028-DEM,ACCT021,ACCT002,37,44,sell,clean
T000281,2026-06-01 09:44:00,PRES-2028-DEM,ACCT024,ACCT033,46,156,sell,clean
T000282,2026-06-01 09:44:03,PRES-2028-DEM,ACCT029,ACCT038,46,73,sell,clean
T000283,2026-06-01 09:44:06,SP500-ABOVE-6000-JUN,ACCT034,ACCT012,50,170,sell,clean
T000284,2026-06-01 09:44:09,SP500-ABOVE-6000-JUN,ACCT021,ACCT008,44,121,sell,clean
T000285,2026-06-01 09:44:12,FED-CUT-JUL26,ACCT027,ACCT026,51,68,buy,clean
T000286,2026-06-01 09:44:15,SP500-ABOVE-6000-JUN,ACCT009,ACCT008,39,194,buy,clean
T000287,2026-06-01 09:44:18,FED-CUT-JUL26,ACCT037,ACCT033,42,102,buy,clean
T000288,2026-06-01 09:44:21,FED-CUT-JUL26,ACCT014,ACCT013,71,109,buy,clean
T000289,2026-06-01 09:44:24,FED-CUT-JUL26,ACCT023,ACCT007,63,71,sell,clean
T000290,2026-06-01 09:44:27,PRES-2028-DEM,ACCT039,ACCT040,23,28,buy,clean
T000291,2026-06-01 09:44:30,SP500-ABOVE-6000-JUN,ACCT034,ACCT039,47,37,sell,clean
T000292,2026-06-01 09:44:33,PRES-2028-DEM,ACCT033,ACCT020,51,78,sell,clean
T000293,2026-06-01 09:44:36,PRES-2028-DEM,ACCT011,ACCT022,62,69,sell,clean
T000294,2026-06-01 09:44:39,FED-CUT-JUL26,ACCT034,ACCT036,64,41,buy,clean
T000295,2026-06-01 09:44:42,SP500-ABOVE-6000-JUN,ACCT039,ACCT002,61,15,buy,clean
T000296,2026-06-01 09:44:45,SP500-ABOVE-6000-JUN,ACCT015,ACCT020,40,32,buy,clean
T000297,2026-06-01 09:44:48,PRES-2028-DEM,ACCT033,ACCT040,39,67,buy,clean
T000298,2026-06-01 09:44:51,SP500-ABOVE-6000-JUN,ACCT016,ACCT017,39,105,buy,clean
T000299,2026-06-01 09:44:54,SP500-ABOVE-6000-JUN,ACCT001,ACCT017,49,182,sell,clean
T000300,2026-06-01 09:44:57,PRES-2028-DEM,ACCT032,ACCT022,40,27,buy,clean
T000301,2026-06-01 09:45:00,SP500-ABOVE-6000-JUN,ACCT021,ACCT022,44,71,sell,clean
T000302,2026-06-01 09:45:03,SP500-ABOVE-6000-JUN,ACCT018,ACCT004,57,170,sell,clean
T000303,2026-06-01 09:45:06,FED-CUT-JUL26,ACCT029,ACCT028,47,147,buy,clean
T000304,2026-06-01 09:45:09,FED-CUT-JUL26,ACCT025,ACCT035,47,143,buy,clean
T000305,2026-06-01 09:45:12,FED-CUT-JUL26,ACCT038,ACCT014,74,57,sell,clean
T000306,2026-06-01 09:45:15,FED-CUT-JUL26,ACCT026,ACCT019,38,14,buy,clean
T000307,2026-06-01 09:45:18,SP500-ABOVE-6000-JUN,ACCT027,ACCT036,48,36,buy,clean
T000308,2026-06-01 09:45:21,FED-CUT-JUL26,ACCT012,ACCT023,54,86,buy,clean
T000309,2026-06-01 09:45:24,PRES-2028-DEM,ACCT013,ACCT039,51,23,buy,clean
T000310,2026-06-01 09:45:27,FED-CUT-JUL26,ACCT027,ACCT001,57,4,sell,clean
T000311,2026-06-01 09:45:30,SP500-ABOVE-6000-JUN,ACCT018,ACCT017,46,99,sell,clean
T000312,2026-06-01 09:45:33,FED-CUT-JUL26,ACCT032,ACCT036,41,35,sell,clean
T000313,2026-06-01 09:45:36,FED-CUT-JUL26,ACCT002,ACCT017,55,6,buy,clean
T000314,2026-06-01 09:45:39,SP500-ABOVE-6000-JUN,ACCT019,ACCT037,38,28,buy,clean
T000315,2026-06-01 09:45:42,PRES-2028-DEM,ACCT038,ACCT019,43,162,buy,clean
T000316,2026-06-01 09:45:45,FED-CUT-JUL26,ACCT011,ACCT029,52,31,sell,clean
T000317,2026-06-01 09:45:48,PRES-2028-DEM,ACCT019,ACCT036,61,42,buy,clean
T000318,2026-06-01 09:45:51,FED-CUT-JUL26,ACCT024,ACCT018,67,147,sell,clean
T000319,2026-06-01 09:45:54,SP500-ABOVE-6000-JUN,ACCT009,ACCT019,41,68,sell,clean
T000320,2026-06-01 09:45:57,FED-CUT-JUL26,ACCT026,ACCT023,44,12,buy,clean
T000321,2026-06-01 09:46:00,FED-CUT-JUL26,ACCT020,ACCT008,42,103,sell,clean
T000322,2026-06-01 09:46:03,SP500-ABOVE-6000-JUN,ACCT013,ACCT010,63,41,buy,clean
T000323,2026-06-01 09:46:06,PRES-2028-DEM,ACCT027,ACCT025,31,187,buy,clean
T000324,2026-06-01 09:46:09,FED-CUT-JUL26,ACCT003,ACCT007,49,174,buy,clean
T000325,2026-06-01 09:46:12,PRES-2028-DEM,ACCT033,ACCT025,41,143,buy,clean
T000326,2026-06-01 09:46:15,FED-CUT-JUL26,ACCT013,ACCT007,50,72,buy,clean
T000327,2026-06-01 09:46:18,FED-CUT-JUL26,ACCT018,ACCT008,29,128,sell,clean
T000328,2026-06-01 09:46:21,PRES-2028-DEM,ACCT009,ACCT028,36,373,sell,clean
T000329,2026-06-01 09:46:24,FED-CUT-JUL26,ACCT004,ACCT017,56,154,sell,clean
T000330,2026-06-01 09:46:27,SP500-ABOVE-6000-JUN,ACCT017,ACCT001,37,75,sell,clean
T000331,2026-06-01 09:46:30,SP500-ABOVE-6000-JUN,ACCT029,ACCT009,49,101,buy,clean
T000332,2026-06-01 09:46:33,FED-CUT-JUL26,ACCT003,ACCT040,68,151,buy,clean
T000333,2026-06-01 09:46:36,SP500-ABOVE-6000-JUN,ACCT030,ACCT040,35,46,buy,clean
T000334,2026-06-01 09:46:39,SP500-ABOVE-6000-JUN,ACCT023,ACCT035,59,178,buy,clean
T000335,2026-06-01 09:46:42,FED-CUT-JUL26,ACCT011,ACCT029,29,180,sell,clean
T000336,2026-06-01 09:46:45,SP500-ABOVE-6000-JUN,ACCT021,ACCT025,55,46,sell,clean
T000337,2026-06-01 09:46:48,SP500-ABOVE-6000-JUN,ACCT029,ACCT037,44,134,buy,clean
T000338,2026-06-01 09:46:51,PRES-2028-DEM,ACCT015,ACCT020,50,65,buy,clean
T000339,2026-06-01 09:46:54,PRES-2028-DEM,ACCT025,ACCT031,69,58,sell,clean
T000340,2026-06-01 09:46:57,FED-CUT-JUL26,ACCT029,ACCT023,53,52,sell,clean
T000341,2026-06-01 09:47:00,PRES-2028-DEM,ACCT015,ACCT021,17,45,buy,clean
T000342,2026-06-01 09:47:03,FED-CUT-JUL26,ACCT011,ACCT013,42,182,buy,clean
T000343,2026-06-01 09:47:06,SP500-ABOVE-6000-JUN,ACCT022,ACCT034,53,182,sell,clean
T000344,2026-06-01 09:47:09,SP500-ABOVE-6000-JUN,ACCT013,ACCT029,38,55,sell,clean
T000345,2026-06-01 09:47:12,SP500-ABOVE-6000-JUN,ACCT036,ACCT033,72,3,buy,clean
T000346,2026-06-01 09:47:15,SP500-ABOVE-6000-JUN,ACCT018,ACCT003,45,30,sell,clean
T000347,2026-06-01 09:47:18,FED-CUT-JUL26,ACCT035,ACCT031,39,83,buy,clean
T000348,2026-06-01 09:47:21,SP500-ABOVE-6000-JUN,ACCT007,ACCT016,40,109,buy,clean
T000349,2026-06-01 09:47:24,PRES-2028-DEM,ACCT002,ACCT032,49,46,sell,clean
T000350,2026-06-01 09:47:27,FED-CUT-JUL26,ACCT029,ACCT027,38,100,buy,clean
T000351,2026-06-01 09:47:30,SP500-ABOVE-6000-JUN,ACCT003,ACCT007,41,176,sell,clean
T000352,2026-06-01 09:47:33,SP500-ABOVE-6000-JUN,ACCT002,ACCT033,54,140,sell,clean
T000353,2026-06-01 09:47:36,PRES-2028-DEM,ACCT038,ACCT012,50,138,buy,clean
T000354,2026-06-01 09:47:39,SP500-ABOVE-6000-JUN,ACCT035,ACCT012,54,50,buy,clean
T000355,2026-06-01 09:47:42,SP500-ABOVE-6000-JUN,ACCT007,ACCT021,45,149,sell,clean
T000356,2026-06-01 09:47:45,PRES-2028-DEM,ACCT009,ACCT021,31,116,sell,clean
T000357,2026-06-01 09:47:48,FED-CUT-JUL26,ACCT030,ACCT013,59,190,sell,clean
T000358,2026-06-01 09:47:51,FED-CUT-JUL26,ACCT033,ACCT032,30,28,buy,clean
T000359,2026-06-01 09:47:54,PRES-2028-DEM,ACCT019,ACCT007,46,162,buy,clean
T000360,2026-06-01 09:47:57,SP500-ABOVE-6000-JUN,ACCT019,ACCT037,61,39,sell,clean
T000361,2026-06-01 09:48:00,SP500-ABOVE-6000-JUN,ACCT035,ACCT008,38,158,buy,clean
T000362,2026-06-01 09:48:03,SP500-ABOVE-6000-JUN,ACCT039,ACCT012,48,57,sell,clean
T000363,2026-06-01 09:48:06,PRES-2028-DEM,ACCT016,ACCT036,59,117,buy,clean
T000364,2026-06-01 09:48:09,SP500-ABOVE-6000-JUN,ACCT020,ACCT019,36,97,sell,clean
T000365,2026-06-01 09:48:12,PRES-2028-DEM,ACCT036,ACCT028,35,124,buy,clean
T000366,2026-06-01 09:48:15,PRES-2028-DEM,ACCT035,ACCT020,51,184,buy,clean
T000367,2026-06-01 09:48:18,FED-CUT-JUL26,ACCT033,ACCT016,35,63,buy,clean
T000368,2026-06-01 09:48:21,PRES-2028-DEM,ACCT039,ACCT012,58,104,buy,clean
T000369,2026-06-01 09:48:24,FED-CUT-JUL26,ACCT033,ACCT013,52,150,buy,clean
T000370,2026-06-01 09:48:27,FED-CUT-JUL26,ACCT032,ACCT040,60,5,buy,clean
T000371,2026-06-01 09:48:30,PRES-2028-DEM,ACCT033,ACCT003,60,24,sell,clean
T000372,2026-06-01 09:48:33,FED-CUT-JUL26,ACCT003,ACCT036,24,197,sell,clean
T000373,2026-06-01 09:48:36,FED-CUT-JUL26,ACCT017,ACCT008,44,49,buy,clean
T000374,2026-06-01 09:48:39,SP500-ABOVE-6000-JUN,ACCT016,ACCT023,45,150,sell,clean
T000375,2026-06-01 09:48:42,FED-CUT-JUL26,ACCT028,ACCT016,32,95,sell,clean
T000376,2026-06-01 09:48:45,SP500-ABOVE-6000-JUN,ACCT028,ACCT011,60,115,buy,clean
T000377,2026-06-01 09:48:48,FED-CUT-JUL26,ACCT038,ACCT004,66,24,buy,clean
T000378,2026-06-01 09:48:51,PRES-2028-DEM,ACCT026,ACCT008,35,103,sell,clean
T000379,2026-06-01 09:48:54,PRES-2028-DEM,ACCT036,ACCT021,57,179,buy,clean
T000380,2026-06-01 09:48:57,PRES-2028-DEM,ACCT013,ACCT008,70,102,sell,clean
T000381,2026-06-01 09:49:00,SP500-ABOVE-6000-JUN,ACCT007,ACCT008,31,150,sell,clean
T000382,2026-06-01 09:49:03,PRES-2028-DEM,ACCT032,ACCT028,41,28,buy,clean
T000383,2026-06-01 09:49:06,SP500-ABOVE-6000-JUN,ACCT019,ACCT037,56,97,sell,clean
T000384,2026-06-01 09:49:09,SP500-ABOVE-6000-JUN,ACCT002,ACCT033,53,57,buy,clean
T000385,2026-06-01 09:49:12,PRES-2028-DEM,ACCT019,ACCT018,47,88,buy,clean
T000386,2026-06-01 09:49:15,PRES-2028-DEM,ACCT039,ACCT020,58,49,sell,clean
T000387,2026-06-01 09:49:18,PRES-2028-DEM,ACCT017,ACCT015,61,200,buy,clean
T000388,2026-06-01 09:49:21,SP500-ABOVE-6000-JUN,ACCT003,ACCT033,42,148,sell,clean
T000389,2026-06-01 09:49:24,PRES-2028-DEM,ACCT039,ACCT011,70,139,buy,clean
T000390,2026-06-01 09:49:27,PRES-2028-DEM,ACCT032,ACCT010,45,4,buy,clean
T000391,2026-06-01 09:49:30,FED-CUT-JUL26,ACCT014,ACCT038,49,88,sell,clean
T000392,2026-06-01 09:49:33,SP500-ABOVE-6000-JUN,ACCT026,ACCT028,48,148,buy,clean
T000393,2026-06-01 09:49:36,FED-CUT-JUL26,ACCT015,ACCT012,56,3,buy,clean
T000394,2026-06-01 09:49:39,SP500-ABOVE-6000-JUN,ACCT036,ACCT037,46,144,buy,clean
T000395,2026-06-01 09:49:42,FED-CUT-JUL26,ACCT033,ACCT009,39,144,sell,clean
T000396,2026-06-01 09:49:45,SP500-ABOVE-6000-JUN,ACCT015,ACCT039,34,200,sell,clean
T000397,2026-06-01 09:49:48,SP500-ABOVE-6000-JUN,ACCT031,ACCT008,42,38,buy,clean
T000398,2026-06-01 09:49:51,PRES-2028-DEM,ACCT008,ACCT013,44,182,sell,clean
T000399,2026-06-01 09:49:54,FED-CUT-JUL26,ACCT040,ACCT036,62,6,buy,clean
T000400,2026-06-01 09:49:57,FED-CUT-JUL26,ACCT009,ACCT007,62,198,sell,clean
T000401,2026-06-01 09:50:00,PRES-2028-DEM,ACCT008,ACCT027,46,161,buy,clean
T000402,2026-06-01 09:50:03,FED-CUT-JUL26,ACCT023,ACCT033,26,141,sell,clean
T000403,2026-06-01 09:50:06,SP500-ABOVE-6000-JUN,ACCT039,ACCT030,33,89,sell,clean
T000404,2026-06-01 09:50:09,FED-CUT-JUL26,ACCT029,ACCT019,50,195,buy,clean
T000405,2026-06-01 09:50:12,SP500-ABOVE-6000-JUN,ACCT034,ACCT033,43,153,buy,clean
T000406,2026-06-01 09:50:15,SP500-ABOVE-6000-JUN,ACCT030,ACCT028,50,97,buy,clean
T000407,2026-06-01 09:50:18,SP500-ABOVE-6000-JUN,ACCT020,ACCT021,41,49,buy,clean
T000408,2026-06-01 09:50:21,FED-CUT-JUL26,ACCT031,ACCT020,45,39,buy,clean
T000409,2026-06-01 09:50:24,FED-CUT-JUL26,ACCT020,ACCT011,45,39,buy,clean
T000410,2026-06-01 09:50:27,FED-CUT-JUL26,ACCT026,ACCT032,49,193,buy,clean
T000411,2026-06-01 09:50:30,FED-CUT-JUL26,ACCT014,ACCT015,57,4,buy,clean
T000412,2026-06-01 09:50:33,PRES-2028-DEM,ACCT015,ACCT032,49,54,sell,clean
T000413,2026-06-01 09:50:36,SP500-ABOVE-6000-JUN,ACCT003,ACCT038,40,51,sell,clean
T000414,2026-06-01 09:50:39,FED-CUT-JUL26,ACCT023,ACCT001,54,63,buy,clean
T000415,2026-06-01 09:50:42,PRES-2028-DEM,ACCT018,ACCT013,31,195,buy,clean
T000416,2026-06-01 09:50:45,PRES-2028-DEM,ACCT011,ACCT034,53,194,sell,clean
T000417,2026-06-01 09:50:48,FED-CUT-JUL26,ACCT011,ACCT019,61,76,sell,clean
T000418,2026-06-01 09:50:51,SP500-ABOVE-6000-JUN,ACCT032,ACCT020,60,42,buy,clean
T000419,2026-06-01 09:50:54,FED-CUT-JUL26,ACCT037,ACCT026,30,188,buy,clean
T000420,2026-06-01 09:50:57,PRES-2028-DEM,ACCT037,ACCT027,56,40,sell,clean
T000421,2026-06-01 09:51:00,SP500-ABOVE-6000-JUN,ACCT007,ACCT003,53,52,buy,clean
T000422,2026-06-01 09:51:03,SP500-ABOVE-6000-JUN,ACCT027,ACCT034,31,94,buy,clean
T000423,2026-06-01 09:51:06,PRES-2028-DEM,ACCT032,ACCT004,37,95,buy,clean
T000424,2026-06-01 09:51:09,PRES-2028-DEM,ACCT016,ACCT036,65,49,buy,clean
T000425,2026-06-01 09:51:12,PRES-2028-DEM,ACCT038,ACCT029,49,173,sell,clean
T000426,2026-06-01 09:51:15,SP500-ABOVE-6000-JUN,ACCT028,ACCT035,46,114,sell,clean
T000427,2026-06-01 09:51:18,SP500-ABOVE-6000-JUN,ACCT030,ACCT023,38,197,sell,clean
T000428,2026-06-01 09:51:21,PRES-2028-DEM,ACCT003,ACCT021,38,78,buy,clean
T000429,2026-06-01 09:51:24,PRES-2028-DEM,ACCT020,ACCT038,34,25,buy,clean
T000430,2026-06-01 09:51:27,FED-CUT-JUL26,ACCT040,ACCT018,52,103,buy,clean
T000431,2026-06-01 09:51:30,SP500-ABOVE-6000-JUN,ACCT039,ACCT009,41,148,sell,clean
T000432,2026-06-01 09:51:33,FED-CUT-JUL26,ACCT029,ACCT010,55,155,buy,clean
T000433,2026-06-01 09:51:36,FED-CUT-JUL26,ACCT037,ACCT039,58,13,sell,clean
T000434,2026-06-01 09:51:39,FED-CUT-JUL26,ACCT012,ACCT011,42,141,sell,clean
T000435,2026-06-01 09:51:42,SP500-ABOVE-6000-JUN,ACCT011,ACCT033,37,51,buy,clean
T000436,2026-06-01 09:51:45,FED-CUT-JUL26,ACCT039,ACCT008,59,49,sell,clean
T000437,2026-06-01 09:51:48,FED-CUT-JUL26,ACCT031,ACCT012,24,176,sell,clean
T000438,2026-06-01 09:51:51,PRES-2028-DEM,ACCT012,ACCT021,68,116,sell,clean
T000439,2026-06-01 09:51:54,PRES-2028-DEM,ACCT016,ACCT037,40,187,buy,clean
T000440,2026-06-01 09:51:57,SP500-ABOVE-6000-JUN,ACCT003,ACCT019,54,159,sell,clean
T000441,2026-06-01 09:52:00,SP500-ABOVE-6000-JUN,ACCT020,ACCT026,51,167,sell,clean
T000442,2026-06-01 09:52:03,PRES-2028-DEM,ACCT023,ACCT034,59,129,sell,clean
T000443,2026-06-01 09:52:06,SP500-ABOVE-6000-JUN,ACCT022,ACCT024,30,176,sell,clean
T000444,2026-06-01 09:52:09,SP500-ABOVE-6000-JUN,ACCT020,ACCT004,32,8,sell,clean
T000445,2026-06-01 09:52:12,SP500-ABOVE-6000-JUN,ACCT011,ACCT008,48,161,buy,clean
T000446,2026-06-01 09:52:15,FED-CUT-JUL26,ACCT024,ACCT031,42,139,buy,clean
T000447,2026-06-01 09:52:18,FED-CUT-JUL26,ACCT012,ACCT039,59,185,buy,clean
T000448,2026-06-01 09:52:21,FED-CUT-JUL26,ACCT029,ACCT022,23,190,sell,clean
T000449,2026-06-01 09:52:24,PRES-2028-DEM,ACCT020,ACCT039,37,7,sell,clean
T000450,2026-06-01 09:52:27,SP500-ABOVE-6000-JUN,ACCT033,ACCT026,54,42,buy,clean
T000451,2026-06-01 09:52:30,PRES-2028-DEM,ACCT020,ACCT029,53,53,buy,clean
T000452,2026-06-01 09:52:33,FED-CUT-JUL26,ACCT018,ACCT030,47,98,sell,clean
T000453,2026-06-01 09:52:36,FED-CUT-JUL26,ACCT003,ACCT018,38,143,sell,clean
T000454,2026-06-01 09:52:39,FED-CUT-JUL26,ACCT022,ACCT021,37,14,buy,clean
T000455,2026-06-01 09:52:42,PRES-2028-DEM,ACCT014,ACCT040,67,106,sell,clean
T000456,2026-06-01 09:52:45,SP500-ABOVE-6000-JUN,ACCT015,ACCT032,58,183,buy,clean
T000457,2026-06-01 09:52:48,SP500-ABOVE-6000-JUN,ACCT026,ACCT008,38,131,buy,clean
T000458,2026-06-01 09:52:51,FED-CUT-JUL26,ACCT039,ACCT012,53,14,sell,clean
T000459,2026-06-01 09:52:54,PRES-2028-DEM,ACCT010,ACCT011,50,4,sell,clean
T000460,2026-06-01 09:52:57,SP500-ABOVE-6000-JUN,ACCT034,ACCT018,53,114,buy,clean
T000461,2026-06-01 09:53:00,SP500-ABOVE-6000-JUN,ACCT038,ACCT016,56,10,buy,clean
T000462,2026-06-01 09:53:03,PRES-2028-DEM,ACCT009,ACCT029,57,170,buy,clean
T000463,2026-06-01 09:53:06,FED-CUT-JUL26,ACCT023,ACCT026,67,141,buy,clean
T000464,2026-06-01 09:53:09,FED-CUT-JUL26,ACCT024,ACCT036,42,15,buy,clean
T000465,2026-06-01 09:53:12,SP500-ABOVE-6000-JUN,ACCT021,ACCT030,41,160,sell,clean
T000466,2026-06-01 09:53:15,FED-CUT-JUL26,ACCT034,ACCT014,56,50,buy,clean
T000467,2026-06-01 09:53:18,PRES-2028-DEM,ACCT016,ACCT029,40,164,buy,clean
T000468,2026-06-01 09:53:21,PRES-2028-DEM,ACCT022,ACCT035,30,86,sell,clean
T000469,2026-06-01 09:53:24,FED-CUT-JUL26,ACCT033,ACCT003,41,138,sell,clean
T000470,2026-06-01 09:53:27,FED-CUT-JUL26,ACCT039,ACCT023,47,85,sell,clean
T000471,2026-06-01 09:53:30,FED-CUT-JUL26,ACCT027,ACCT037,58,153,buy,clean
T000472,2026-06-01 09:53:33,PRES-2028-DEM,ACCT034,ACCT018,34,135,sell,clean
T000473,2026-06-01 09:53:36,PRES-2028-DEM,ACCT008,ACCT031,28,40,buy,clean
T000474,2026-06-01 09:53:39,FED-CUT-JUL26,ACCT012,ACCT009,62,34,buy,clean
T000475,2026-06-01 09:53:42,SP500-ABOVE-6000-JUN,ACCT010,ACCT001,48,23,sell,clean
T000476,2026-06-01 09:53:45,SP500-ABOVE-6000-JUN,ACCT022,ACCT002,40,83,buy,clean
T000477,2026-06-01 09:53:48,FED-CUT-JUL26,ACCT010,ACCT020,55,160,buy,clean
T000478,2026-06-01 09:53:51,PRES-2028-DEM,ACCT021,ACCT039,50,87,sell,clean
T000479,2026-06-01 09:53:54,SP500-ABOVE-6000-JUN,ACCT004,ACCT009,46,181,sell,clean
T000480,2026-06-01 09:53:57,SP500-ABOVE-6000-JUN,ACCT037,ACCT008,69,34,buy,clean
T000481,2026-06-01 09:54:00,SP500-ABOVE-6000-JUN,ACCT032,ACCT033,50,158,sell,clean
T000482,2026-06-01 09:54:03,SP500-ABOVE-6000-JUN,ACCT024,ACCT023,47,90,sell,clean
T000483,2026-06-01 09:54:06,SP500-ABOVE-6000-JUN,ACCT039,ACCT011,37,28,sell,clean
T000484,2026-06-01 09:54:09,FED-CUT-JUL26,ACCT040,ACCT029,50,124,sell,clean
T000485,2026-06-01 09:54:12,SP500-ABOVE-6000-JUN,ACCT030,ACCT039,53,170,buy,clean
T000486,2026-06-01 09:54:15,FED-CUT-JUL26,ACCT023,ACCT038,60,104,buy,clean
T000487,2026-06-01 09:54:18,SP500-ABOVE-6000-JUN,ACCT004,ACCT008,51,194,buy,clean
T000488,2026-06-01 09:54:21,FED-CUT-JUL26,ACCT039,ACCT031,56,146,sell,clean
T000489,2026-06-01 09:54:24,SP500-ABOVE-6000-JUN,ACCT035,ACCT028,63,141,buy,clean
T000490,2026-06-01 09:54:27,PRES-2028-DEM,ACCT018,ACCT030,46,98,sell,clean
T000491,2026-06-01 09:54:30,PRES-2028-DEM,ACCT033,ACCT011,54,107,buy,clean
T000492,2026-06-01 09:54:33,SP500-ABOVE-6000-JUN,ACCT002,ACCT012,47,35,buy,clean
T000493,2026-06-01 09:54:36,SP500-ABOVE-6000-JUN,ACCT030,ACCT014,37,99,sell,clean
T000494,2026-06-01 09:54:39,SP500-ABOVE-6000-JUN,ACCT034,ACCT018,47,148,sell,clean
T000495,2026-06-01 09:54:42,FED-CUT-JUL26,ACCT010,ACCT040,31,188,sell,clean
T000496,2026-06-01 09:54:45,PRES-2028-DEM,ACCT018,ACCT033,37,176,sell,clean
T000497,2026-06-01 09:54:48,FED-CUT-JUL26,ACCT032,ACCT035,63,91,sell,clean
T000498,2026-06-01 09:54:51,SP500-ABOVE-6000-JUN,ACCT022,ACCT039,48,147,buy,clean
T000499,2026-06-01 09:54:54,PRES-2028-DEM,ACCT035,ACCT007,55,72,sell,clean
T000500,2026-06-01 09:54:57,SP500-ABOVE-6000-JUN,ACCT012,ACCT031,44,61,sell,clean
T000501,2026-06-01 09:55:00,PRES-2028-DEM,ACCT012,ACCT034,50,170,sell,clean
T000502,2026-06-01 09:55:03,FED-CUT-JUL26,ACCT004,ACCT019,50,103,sell,clean
T000503,2026-06-01 09:55:06,SP500-ABOVE-6000-JUN,ACCT027,ACCT033,48,74,sell,clean
T000504,2026-06-01 09:55:09,PRES-2028-DEM,ACCT009,ACCT037,30,167,sell,clean
T000505,2026-06-01 09:55:12,FED-CUT-JUL26,ACCT040,ACCT028,32,173,buy,clean
T000506,2026-06-01 09:55:15,PRES-2028-DEM,ACCT001,ACCT007,55,115,sell,clean
T000507,2026-06-01 09:55:18,PRES-2028-DEM,ACCT008,ACCT004,66,154,buy,clean
T000508,2026-06-01 09:55:21,SP500-ABOVE-6000-JUN,ACCT039,ACCT014,64,120,buy,clean
T000509,2026-06-01 09:55:24,SP500-ABOVE-6000-JUN,ACCT023,ACCT019,52,98,sell,clean
T000510,2026-06-01 09:55:27,FED-CUT-JUL26,ACCT014,ACCT031,80,101,buy,clean
T000511,2026-06-01 09:55:30,FED-CUT-JUL26,ACCT016,ACCT009,66,19,buy,clean
T000512,2026-06-01 09:55:33,FED-CUT-JUL26,ACCT012,ACCT001,66,180,sell,clean
T000513,2026-06-01 09:55:36,FED-CUT-JUL26,ACCT033,ACCT030,34,18,buy,clean
T000514,2026-06-01 09:55:39,SP500-ABOVE-6000-JUN,ACCT025,ACCT024,44,166,buy,clean
T000515,2026-06-01 09:55:42,FED-CUT-JUL26,ACCT015,ACCT014,20,77,sell,clean
T000516,2026-06-01 09:55:45,SP500-ABOVE-6000-JUN,ACCT031,ACCT015,55,152,buy,clean
T000517,2026-06-01 09:55:48,SP500-ABOVE-6000-JUN,ACCT022,ACCT034,27,5,buy,clean
T000518,2026-06-01 09:55:51,PRES-2028-DEM,ACCT028,ACCT010,54,174,buy,clean
T000519,2026-06-01 09:55:54,PRES-2028-DEM,ACCT034,ACCT002,23,180,buy,clean
T000520,2026-06-01 09:55:57,PRES-2028-DEM,ACCT032,ACCT013,52,30,sell,clean
T000521,2026-06-01 09:56:00,SP500-ABOVE-6000-JUN,ACCT028,ACCT023,63,83,buy,clean
T000522,2026-06-01 09:56:03,FED-CUT-JUL26,ACCT012,ACCT029,55,63,buy,clean
T000523,2026-06-01 09:56:06,PRES-2028-DEM,ACCT034,ACCT008,57,167,sell,clean
T000524,2026-06-01 09:56:09,SP500-ABOVE-6000-JUN,ACCT020,ACCT036,41,178,buy,clean
T000525,2026-06-01 09:56:12,FED-CUT-JUL26,ACCT025,ACCT029,58,136,buy,clean
T000526,2026-06-01 09:56:15,SP500-ABOVE-6000-JUN,ACCT016,ACCT020,55,122,sell,clean
T000527,2026-06-01 09:56:18,FED-CUT-JUL26,ACCT021,ACCT016,40,195,sell,clean
T000528,2026-06-01 09:56:21,PRES-2028-DEM,ACCT013,ACCT002,44,185,sell,clean
T000529,2026-06-01 09:56:24,SP500-ABOVE-6000-JUN,ACCT023,ACCT017,51,189,sell,clean
T000530,2026-06-01 09:56:27,SP500-ABOVE-6000-JUN,ACCT034,ACCT004,55,117,buy,clean
T000531,2026-06-01 09:56:30,PRES-2028-DEM,ACCT025,ACCT020,51,16,sell,clean
T000532,2026-06-01 09:56:33,PRES-2028-DEM,ACCT024,ACCT017,62,164,buy,clean
T000533,2026-06-01 09:56:36,SP500-ABOVE-6000-JUN,ACCT034,ACCT016,30,187,sell,clean
T000534,2026-06-01 09:56:39,PRES-2028-DEM,ACCT040,ACCT012,71,12,buy,clean
T000535,2026-06-01 09:56:42,FED-CUT-JUL26,ACCT009,ACCT031,45,178,sell,clean
T000536,2026-06-01 09:56:45,SP500-ABOVE-6000-JUN,ACCT008,ACCT002,39,147,buy,clean
T000537,2026-06-01 09:56:48,FED-CUT-JUL26,ACCT014,ACCT026,36,510,buy,clean
T000538,2026-06-01 09:56:51,FED-CUT-JUL26,ACCT020,ACCT037,42,159,sell,clean
T000539,2026-06-01 09:56:54,FED-CUT-JUL26,ACCT032,ACCT003,45,18,buy,clean
T000540,2026-06-01 09:56:57,SP500-ABOVE-6000-JUN,ACCT033,ACCT040,62,195,buy,clean
T000541,2026-06-01 09:57:00,FED-CUT-JUL26,ACCT020,ACCT004,60,135,buy,clean
T000542,2026-06-01 09:57:03,SP500-ABOVE-6000-JUN,ACCT007,ACCT015,60,46,sell,clean
T000543,2026-06-01 09:57:06,SP500-ABOVE-6000-JUN,ACCT012,ACCT034,54,6,sell,clean
T000544,2026-06-01 09:57:09,FED-CUT-JUL26,ACCT002,ACCT021,50,134,sell,clean
T000545,2026-06-01 09:57:12,SP500-ABOVE-6000-JUN,ACCT036,ACCT038,40,79,buy,clean
T000546,2026-06-01 09:57:15,FED-CUT-JUL26,ACCT004,ACCT012,42,42,sell,clean
T000547,2026-06-01 09:57:18,PRES-2028-DEM,ACCT003,ACCT023,38,53,buy,clean
T000548,2026-06-01 09:57:21,SP500-ABOVE-6000-JUN,ACCT013,ACCT037,41,128,buy,clean
T000549,2026-06-01 09:57:24,SP500-ABOVE-6000-JUN,ACCT037,ACCT035,40,75,buy,clean
T000550,2026-06-01 09:57:27,SP500-ABOVE-6000-JUN,ACCT033,ACCT003,59,103,buy,clean
T000551,2026-06-01 09:57:30,SP500-ABOVE-6000-JUN,ACCT015,ACCT040,29,51,buy,clean
T000552,2026-06-01 09:57:33,FED-CUT-JUL26,ACCT015,ACCT034,43,171,sell,clean
T000553,2026-06-01 09:57:36,FED-CUT-JUL26,ACCT001,ACCT021,44,144,buy,clean
T000554,2026-06-01 09:57:39,FED-CUT-JUL26,ACCT013,ACCT030,48,154,buy,clean
T000555,2026-06-01 09:57:42,SP500-ABOVE-6000-JUN,ACCT024,ACCT007,64,2,sell,clean
T000556,2026-06-01 09:57:45,SP500-ABOVE-6000-JUN,ACCT039,ACCT011,57,126,buy,clean
T000557,2026-06-01 09:57:48,FED-CUT-JUL26,ACCT017,ACCT002,51,164,sell,clean
T000558,2026-06-01 09:57:51,SP500-ABOVE-6000-JUN,ACCT018,ACCT002,57,18,sell,clean
T000559,2026-06-01 09:57:54,FED-CUT-JUL26,ACCT033,ACCT010,36,67,buy,clean
T000560,2026-06-01 09:57:57,SP500-ABOVE-6000-JUN,ACCT011,ACCT025,54,92,buy,clean
T000561,2026-06-01 09:58:00,PRES-2028-DEM,ACCT035,ACCT015,50,193,buy,clean
T000562,2026-06-01 09:58:03,SP500-ABOVE-6000-JUN,ACCT022,ACCT020,42,149,sell,clean
T000563,2026-06-01 09:58:06,FED-CUT-JUL26,ACCT034,ACCT029,35,40,buy,clean
T000564,2026-06-01 09:58:09,PRES-2028-DEM,ACCT010,ACCT011,62,93,buy,clean
T000565,2026-06-01 09:58:12,PRES-2028-DEM,ACCT010,ACCT017,62,79,buy,clean
T000566,2026-06-01 09:58:15,PRES-2028-DEM,ACCT007,ACCT002,53,28,buy,clean
T000567,2026-06-01 09:58:18,FED-CUT-JUL26,ACCT003,ACCT007,49,32,buy,clean
T000568,2026-06-01 09:58:21,PRES-2028-DEM,ACCT008,ACCT012,66,90,sell,clean
T000569,2026-06-01 09:58:24,PRES-2028-DEM,ACCT040,ACCT001,31,44,buy,clean
T000570,2026-06-01 09:58:27,FED-CUT-JUL26,ACCT026,ACCT040,57,91,sell,clean
T000571,2026-06-01 09:58:30,PRES-2028-DEM,ACCT023,ACCT010,35,93,sell,clean
T000572,2026-06-01 09:58:33,PRES-2028-DEM,ACCT027,ACCT021,31,114,buy,clean
T000573,2026-06-01 09:58:36,FED-CUT-JUL26,ACCT015,ACCT007,67,95,buy,clean
T000574,2026-06-01 09:58:39,SP500-ABOVE-6000-JUN,ACCT008,ACCT010,57,27,buy,clean
T000575,2026-06-01 09:58:42,SP500-ABOVE-6000-JUN,ACCT028,ACCT010,51,196,sell,clean
T000576,2026-06-01 09:58:45,FED-CUT-JUL26,ACCT034,ACCT035,46,65,sell,clean
T000577,2026-06-01 09:58:48,SP500-ABOVE-6000-JUN,ACCT004,ACCT007,47,155,sell,clean
T000578,2026-06-01 09:58:51,SP500-ABOVE-6000-JUN,ACCT036,ACCT034,52,126,sell,clean
T000579,2026-06-01 09:58:54,PRES-2028-DEM,ACCT030,ACCT010,42,118,buy,clean
T000580,2026-06-01 09:58:57,FED-CUT-JUL26,ACCT013,ACCT034,40,196,buy,clean
T000581,2026-06-01 09:59:00,SP500-ABOVE-6000-JUN,ACCT033,ACCT038,58,127,sell,clean
T000582,2026-06-01 09:59:03,SP500-ABOVE-6000-JUN,ACCT003,ACCT011,55,7,sell,clean
T000583,2026-06-01 09:59:06,FED-CUT-JUL26,ACCT029,ACCT025,58,80,buy,clean
T000584,2026-06-01 09:59:09,PRES-2028-DEM,ACCT037,ACCT023,67,132,sell,clean
T000585,2026-06-01 09:59:12,FED-CUT-JUL26,ACCT027,ACCT039,37,26,buy,clean
T000586,2026-06-01 09:59:15,SP500-ABOVE-6000-JUN,ACCT024,ACCT013,41,128,buy,clean
T000587,2026-06-01 09:59:18,FED-CUT-JUL26,ACCT039,ACCT028,55,184,buy,clean
T000588,2026-06-01 09:59:21,SP500-ABOVE-6000-JUN,ACCT033,ACCT030,55,78,sell,clean
T000589,2026-06-01 09:59:24,FED-CUT-JUL26,ACCT035,ACCT032,42,161,buy,clean
T000590,2026-06-01 09:59:27,SP500-ABOVE-6000-JUN,ACCT032,ACCT020,63,197,sell,clean
T000591,2026-06-01 09:59:30,FED-CUT-JUL26,ACCT012,ACCT018,60,112,sell,clean
T000592,2026-06-01 09:59:33,FED-CUT-JUL26,ACCT021,ACCT013,49,30,buy,clean
T000593,2026-06-01 09:59:36,FED-CUT-JUL26,ACCT032,ACCT034,38,10,buy,clean
T000594,2026-06-01 09:59:39,FED-CUT-JUL26,ACCT038,ACCT014,47,6,buy,clean
T000595,2026-06-01 09:59:42,FED-CUT-JUL26,ACCT026,ACCT008,31,61,buy,clean
T000596,2026-06-01 09:59:45,SP500-ABOVE-6000-JUN,ACCT036,ACCT019,44,198,sell,clean
T000597,2026-06-01 09:59:48,PRES-2028-DEM,ACCT012,ACCT009,64,66,buy,clean
T000598,2026-06-01 09:59:51,FED-CUT-JUL26,ACCT033,ACCT018,74,93,sell,clean
T000599,2026-06-01 09:59:54,SP500-ABOVE-6000-JUN,ACCT003,ACCT004,42,142,sell,clean
T000600,2026-06-01 09:59:57,PRES-2028-DEM,ACCT031,ACCT027,80,66,sell,clean
T000601,2026-06-01 10:00:00,PRES-2028-DEM,ACCT031,ACCT023,64,9,sell,clean
T000602,2026-06-01 10:00:03,FED-CUT-JUL26,ACCT030,ACCT009,58,91,sell,clean
T000603,2026-06-01 10:00:06,PRES-2028-DEM,ACCT014,ACCT031,51,161,sell,clean
T000604,2026-06-01 10:00:09,SP500-ABOVE-6000-JUN,ACCT011,ACCT029,52,189,buy,clean
T000605,2026-06-01 10:00:12,PRES-2028-DEM,ACCT008,ACCT029,41,147,buy,clean
T000606,2026-06-01 10:00:15,SP500-ABOVE-6000-JUN,ACCT017,ACCT008,57,44,buy,clean
T000607,2026-06-01 10:00:18,FED-CUT-JUL26,ACCT013,ACCT039,64,117,sell,clean
T000608,2026-06-01 10:00:21,FED-CUT-JUL26,ACCT021,ACCT034,40,56,sell,clean
T000609,2026-06-01 10:00:24,PRES-2028-DEM,ACCT002,ACCT021,58,64,sell,clean
T000610,2026-06-01 10:00:27,PRES-2028-DEM,ACCT023,ACCT028,42,189,sell,clean
T000611,2026-06-01 10:00:30,FED-CUT-JUL26,ACCT018,ACCT033,84,154,buy,clean
T000612,2026-06-01 10:00:33,FED-CUT-JUL26,ACCT028,ACCT026,67,46,sell,clean
T000613,2026-06-01 10:00:36,PRES-2028-DEM,ACCT008,ACCT023,46,81,buy,clean
T000614,2026-06-01 10:00:39,FED-CUT-JUL26,ACCT021,ACCT019,34,81,sell,clean
T000615,2026-06-01 10:00:42,PRES-2028-DEM,ACCT038,ACCT031,56,10,sell,clean
T000616,2026-06-01 10:00:45,FED-CUT-JUL26,ACCT003,ACCT031,38,127,buy,clean
T000617,2026-06-01 10:00:48,FED-CUT-JUL26,ACCT014,ACCT013,49,170,buy,clean
T000618,2026-06-01 10:00:51,PRES-2028-DEM,ACCT029,ACCT007,50,85,buy,clean
T000619,2026-06-01 10:00:54,PRES-2028-DEM,ACCT023,ACCT012,63,123,sell,clean
T000620,2026-06-01 10:00:57,SP500-ABOVE-6000-JUN,ACCT031,ACCT023,97,146,buy,clean
T000621,2026-06-01 10:01:00,PRES-2028-DEM,ACCT007,ACCT038,61,46,buy,clean
T000622,2026-06-01 10:01:03,PRES-2028-DEM,ACCT027,ACCT028,45,31,sell,clean
T000623,2026-06-01 10:01:06,SP500-ABOVE-6000-JUN,ACCT011,ACCT025,38,126,sell,clean
T000624,2026-06-01 10:01:09,FED-CUT-JUL26,ACCT008,ACCT030,56,110,buy,clean
T000625,2026-06-01 10:01:12,SP500-ABOVE-6000-JUN,ACCT012,ACCT034,32,120,sell,clean
T000626,2026-06-01 10:01:15,PRES-2028-DEM,ACCT022,ACCT018,40,20,buy,clean
T000627,2026-06-01 10:01:18,PRES-2028-DEM,ACCT032,ACCT039,54,197,buy,clean
T000628,2026-06-01 10:01:21,FED-CUT-JUL26,ACCT003,ACCT008,33,186,sell,clean
T000629,2026-06-01 10:01:24,PRES-2028-DEM,ACCT016,ACCT014,80,173,buy,clean
T000630,2026-06-01 10:01:27,PRES-2028-DEM,ACCT013,ACCT033,38,191,sell,clean
T000631,2026-06-01 10:01:30,PRES-2028-DEM,ACCT011,ACCT001,58,49,buy,clean
T000632,2026-06-01 10:01:33,FED-CUT-JUL26,ACCT037,ACCT015,67,109,buy,clean
T000633,2026-06-01 10:01:36,FED-CUT-JUL26,ACCT034,ACCT033,63,76,sell,clean
T000634,2026-06-01 10:01:39,SP500-ABOVE-6000-JUN,ACCT030,ACCT029,61,142,sell,clean
T000635,2026-06-01 10:01:42,SP500-ABOVE-6000-JUN,ACCT034,ACCT017,46,81,buy,clean
T000636,2026-06-01 10:01:45,SP500-ABOVE-6000-JUN,ACCT025,ACCT031,49,50,sell,clean
T000637,2026-06-01 10:01:48,SP500-ABOVE-6000-JUN,ACCT024,ACCT032,56,107,sell,clean
T000638,2026-06-01 10:01:51,SP500-ABOVE-6000-JUN,ACCT008,ACCT033,55,26,sell,clean
T000639,2026-06-01 10:01:54,PRES-2028-DEM,ACCT002,ACCT025,58,129,buy,clean
T000640,2026-06-01 10:01:57,PRES-2028-DEM,ACCT010,ACCT038,51,91,buy,clean
T000641,2026-06-01 10:02:00,SP500-ABOVE-6000-JUN,ACCT009,ACCT004,61,194,buy,clean
T000642,2026-06-01 10:02:03,PRES-2028-DEM,ACCT013,ACCT010,68,75,sell,clean
T000643,2026-06-01 10:02:06,FED-CUT-JUL26,ACCT024,ACCT011,55,197,buy,clean
T000644,2026-06-01 10:02:09,PRES-2028-DEM,ACCT008,ACCT020,36,171,buy,clean
T000645,2026-06-01 10:02:12,FED-CUT-JUL26,ACCT029,ACCT032,63,8,sell,clean
T000646,2026-06-01 10:02:15,PRES-2028-DEM,ACCT024,ACCT023,33,101,buy,clean
T000647,2026-06-01 10:02:18,FED-CUT-JUL26,ACCT028,ACCT038,63,89,buy,clean
T000648,2026-06-01 10:02:21,PRES-2028-DEM,ACCT037,ACCT031,41,104,buy,clean
T000649,2026-06-01 10:02:24,FED-CUT-JUL26,ACCT011,ACCT036,59,142,sell,clean
T000650,2026-06-01 10:02:27,SP500-ABOVE-6000-JUN,ACCT040,ACCT019,51,130,buy,clean
T000651,2026-06-01 10:02:30,FED-CUT-JUL26,ACCT010,ACCT004,51,147,buy,clean
T000652,2026-06-01 10:02:33,SP500-ABOVE-6000-JUN,ACCT039,ACCT037,54,171,buy,clean
T000653,2026-06-01 10:02:36,SP500-ABOVE-6000-JUN,ACCT015,ACCT026,43,106,buy,clean
T000654,2026-06-01 10:02:39,FED-CUT-JUL26,ACCT016,ACCT031,65,144,sell,clean
T000655,2026-06-01 10:02:42,SP500-ABOVE-6000-JUN,ACCT034,ACCT029,52,183,sell,clean
T000656,2026-06-01 10:02:45,PRES-2028-DEM,ACCT013,ACCT038,29,105,buy,clean
T000657,2026-06-01 10:02:48,SP500-ABOVE-6000-JUN,ACCT012,ACCT010,24,125,buy,clean
T000658,2026-06-01 10:02:51,FED-CUT-JUL26,ACCT021,ACCT016,58,141,sell,clean
T000659,2026-06-01 10:02:54,FED-CUT-JUL26,ACCT039,ACCT031,66,185,buy,clean
T000660,2026-06-01 10:02:57,PRES-2028-DEM,ACCT023,ACCT008,55,60,sell,clean
T000661,2026-06-01 10:03:00,SP500-ABOVE-6000-JUN,ACCT008,ACCT013,45,182,sell,clean
T000662,2026-06-01 10:03:03,SP500-ABOVE-6000-JUN,ACCT037,ACCT039,51,193,sell,clean
T000663,2026-06-01 10:03:06,SP500-ABOVE-6000-JUN,ACCT014,ACCT002,48,149,sell,clean
T000664,2026-06-01 10:03:09,FED-CUT-JUL26,ACCT002,ACCT024,38,82,sell,clean
T000665,2026-06-01 10:03:12,SP500-ABOVE-6000-JUN,ACCT013,ACCT021,55,79,sell,clean
T000666,2026-06-01 10:03:15,SP500-ABOVE-6000-JUN,ACCT004,ACCT022,41,83,sell,clean
T000667,2026-06-01 10:03:18,SP500-ABOVE-6000-JUN,ACCT040,ACCT018,29,30,sell,clean
T000668,2026-06-01 10:03:21,PRES-2028-DEM,ACCT033,ACCT002,42,69,buy,clean
T000669,2026-06-01 10:03:24,FED-CUT-JUL26,ACCT008,ACCT035,59,44,buy,clean
T000670,2026-06-01 10:03:27,PRES-2028-DEM,ACCT032,ACCT021,45,124,sell,clean
T000671,2026-06-01 10:03:30,PRES-2028-DEM,ACCT040,ACCT035,48,18,sell,clean
T000672,2026-06-01 10:03:33,SP500-ABOVE-6000-JUN,ACCT038,ACCT020,55,82,sell,clean
T000673,2026-06-01 10:03:36,FED-CUT-JUL26,ACCT024,ACCT016,34,178,buy,clean
T000674,2026-06-01 10:03:39,SP500-ABOVE-6000-JUN,ACCT014,ACCT029,32,101,buy,clean
T000675,2026-06-01 10:03:42,FED-CUT-JUL26,ACCT027,ACCT025,32,3,buy,clean
T000676,2026-06-01 10:03:45,PRES-2028-DEM,ACCT002,ACCT020,42,158,sell,clean
T000677,2026-06-01 10:03:48,PRES-2028-DEM,ACCT020,ACCT034,65,51,sell,clean
T000678,2026-06-01 10:03:51,PRES-2028-DEM,ACCT038,ACCT015,41,145,buy,clean
T000679,2026-06-01 10:03:54,SP500-ABOVE-6000-JUN,ACCT017,ACCT036,48,6,sell,clean
T000680,2026-06-01 10:03:57,SP500-ABOVE-6000-JUN,ACCT004,ACCT023,14,175,sell,clean
T000681,2026-06-01 10:04:00,SP500-ABOVE-6000-JUN,ACCT017,ACCT004,47,2,sell,clean
T000682,2026-06-01 10:04:03,PRES-2028-DEM,ACCT017,ACCT030,75,85,sell,clean
T000683,2026-06-01 10:04:06,PRES-2028-DEM,ACCT040,ACCT024,54,88,buy,clean
T000684,2026-06-01 10:04:09,SP500-ABOVE-6000-JUN,ACCT031,ACCT009,38,16,buy,clean
T000685,2026-06-01 10:04:12,PRES-2028-DEM,ACCT031,ACCT004,44,174,buy,clean
T000686,2026-06-01 10:04:15,FED-CUT-JUL26,ACCT009,ACCT029,51,3,sell,clean
T000687,2026-06-01 10:04:18,SP500-ABOVE-6000-JUN,ACCT009,ACCT024,39,133,sell,clean
T000688,2026-06-01 10:04:21,SP500-ABOVE-6000-JUN,ACCT007,ACCT040,51,164,sell,clean
T000689,2026-06-01 10:04:24,FED-CUT-JUL26,ACCT014,ACCT018,52,150,sell,clean
T000690,2026-06-01 10:04:27,SP500-ABOVE-6000-JUN,ACCT012,ACCT033,46,3,buy,clean
T000691,2026-06-01 10:04:30,SP500-ABOVE-6000-JUN,ACCT004,ACCT030,31,52,buy,clean
T000692,2026-06-01 10:04:33,FED-CUT-JUL26,ACCT024,ACCT040,40,85,buy,clean
T000693,2026-06-01 10:04:36,PRES-2028-DEM,ACCT017,ACCT032,43,85,sell,clean
T000694,2026-06-01 10:04:39,PRES-2028-DEM,ACCT026,ACCT001,52,75,sell,clean
T000695,2026-06-01 10:04:42,PRES-2028-DEM,ACCT015,ACCT021,61,87,buy,clean
T000696,2026-06-01 10:04:45,FED-CUT-JUL26,ACCT009,ACCT002,53,29,sell,clean
T000697,2026-06-01 10:04:48,FED-CUT-JUL26,ACCT013,ACCT036,91,183,buy,clean
T000698,2026-06-01 10:04:51,PRES-2028-DEM,ACCT037,ACCT027,46,163,buy,clean
T000699,2026-06-01 10:04:54,PRES-2028-DEM,ACCT023,ACCT018,70,131,sell,clean
T000700,2026-06-01 10:04:57,SP500-ABOVE-6000-JUN,ACCT007,ACCT013,30,131,sell,clean
T000701,2026-06-01 10:05:00,FED-CUT-JUL26,ACCT036,ACCT033,46,103,buy,clean
T000702,2026-06-01 10:05:03,PRES-2028-DEM,ACCT028,ACCT016,41,96,sell,clean
T000703,2026-06-01 10:05:06,FED-CUT-JUL26,ACCT031,ACCT036,40,160,sell,clean
T000704,2026-06-01 10:05:09,FED-CUT-JUL26,ACCT034,ACCT023,49,68,buy,clean
T000705,2026-06-01 10:05:12,SP500-ABOVE-6000-JUN,ACCT037,ACCT008,56,19,sell,clean
T000706,2026-06-01 10:05:15,FED-CUT-JUL26,ACCT019,ACCT022,49,49,buy,clean
T000707,2026-06-01 10:05:18,FED-CUT-JUL26,ACCT025,ACCT028,71,4,sell,clean
T000708,2026-06-01 10:05:21,SP500-ABOVE-6000-JUN,ACCT016,ACCT033,51,120,sell,clean
T000709,2026-06-01 10:05:24,FED-CUT-JUL26,ACCT029,ACCT016,28,36,buy,clean
T000710,2026-06-01 10:05:27,FED-CUT-JUL26,ACCT024,ACCT017,34,200,sell,clean
T000711,2026-06-01 10:05:30,PRES-2028-DEM,ACCT012,ACCT024,30,147,sell,clean
T000712,2026-06-01 10:05:33,FED-CUT-JUL26,ACCT015,ACCT033,62,78,buy,clean
T000713,2026-06-01 10:05:36,SP500-ABOVE-6000-JUN,ACCT034,ACCT002,51,73,buy,clean
T000714,2026-06-01 10:05:39,PRES-2028-DEM,ACCT026,ACCT036,60,101,buy,clean
T000715,2026-06-01 10:05:42,SP500-ABOVE-6000-JUN,ACCT007,ACCT027,73,53,sell,clean
T000716,2026-06-01 10:05:45,FED-CUT-JUL26,ACCT040,ACCT015,31,2,buy,clean
T000717,2026-06-01 10:05:48,PRES-2028-DEM,ACCT036,ACCT024,70,148,buy,clean
T000718,2026-06-01 10:05:51,SP500-ABOVE-6000-JUN,ACCT022,ACCT028,33,64,buy,clean
T000719,2026-06-01 10:05:54,PRES-2028-DEM,ACCT039,ACCT009,27,41,sell,clean
T000720,2026-06-01 10:05:57,SP500-ABOVE-6000-JUN,ACCT016,ACCT034,32,95,buy,clean
T000721,2026-06-01 10:06:00,FED-CUT-JUL26,ACCT016,ACCT035,52,173,sell,clean
T000722,2026-06-01 10:06:03,FED-CUT-JUL26,ACCT003,ACCT001,49,172,sell,clean
T000723,2026-06-01 10:06:06,SP500-ABOVE-6000-JUN,ACCT018,ACCT031,64,44,buy,clean
T000724,2026-06-01 10:06:09,SP500-ABOVE-6000-JUN,ACCT028,ACCT013,68,40,sell,clean
T000725,2026-06-01 10:06:12,SP500-ABOVE-6000-JUN,ACCT037,ACCT016,46,134,buy,clean
T000726,2026-06-01 10:06:15,PRES-2028-DEM,ACCT004,ACCT027,52,62,buy,clean
T000727,2026-06-01 10:06:18,PRES-2028-DEM,ACCT024,ACCT015,48,25,buy,clean
T000728,2026-06-01 10:06:21,FED-CUT-JUL26,ACCT023,ACCT038,38,102,sell,clean
T000729,2026-06-01 10:06:24,FED-CUT-JUL26,ACCT014,ACCT001,41,118,buy,clean
T000730,2026-06-01 10:06:27,PRES-2028-DEM,ACCT029,ACCT022,51,183,buy,clean
T000731,2026-06-01 10:06:30,SP500-ABOVE-6000-JUN,ACCT027,ACCT011,41,82,sell,clean
T000732,2026-06-01 10:06:33,SP500-ABOVE-6000-JUN,ACCT031,ACCT027,30,181,buy,clean
T000733,2026-06-01 10:06:36,SP500-ABOVE-6000-JUN,ACCT030,ACCT018,46,76,buy,clean
T000734,2026-06-01 10:06:39,PRES-2028-DEM,ACCT031,ACCT024,56,11,sell,clean
T000735,2026-06-01 10:06:42,FED-CUT-JUL26,ACCT024,ACCT018,51,64,buy,clean
T000736,2026-06-01 10:06:45,PRES-2028-DEM,ACCT007,ACCT034,57,37,buy,clean
T000737,2026-06-01 10:06:48,PRES-2028-DEM,ACCT018,ACCT035,67,185,buy,clean
T000738,2026-06-01 10:06:51,FED-CUT-JUL26,ACCT021,ACCT039,33,124,buy,clean
T000739,2026-06-01 10:06:54,FED-CUT-JUL26,ACCT030,ACCT035,40,124,buy,clean
T000740,2026-06-01 10:06:57,FED-CUT-JUL26,ACCT037,ACCT012,42,79,sell,clean
T000741,2026-06-01 10:07:00,PRES-2028-DEM,ACCT024,ACCT011,48,2,buy,clean
T000742,2026-06-01 10:07:03,FED-CUT-JUL26,ACCT028,ACCT026,42,19,sell,clean
T000743,2026-06-01 10:07:06,PRES-2028-DEM,ACCT015,ACCT030,69,90,sell,clean
T000744,2026-06-01 10:07:09,SP500-ABOVE-6000-JUN,ACCT018,ACCT033,71,174,buy,clean
T000745,2026-06-01 10:07:12,PRES-2028-DEM,ACCT019,ACCT018,26,4,buy,clean
T000746,2026-06-01 10:07:15,PRES-2028-DEM,ACCT036,ACCT015,55,178,sell,clean
T000747,2026-06-01 10:07:18,SP500-ABOVE-6000-JUN,ACCT008,ACCT009,36,37,sell,clean
T000748,2026-06-01 10:07:21,PRES-2028-DEM,ACCT034,ACCT001,66,107,sell,clean
T000749,2026-06-01 10:07:24,SP500-ABOVE-6000-JUN,ACCT011,ACCT015,35,146,buy,clean
T000750,2026-06-01 10:07:27,PRES-2028-DEM,ACCT019,ACCT029,25,163,buy,clean
T000751,2026-06-01 10:07:30,FED-CUT-JUL26,ACCT007,ACCT024,58,195,buy,clean
T000752,2026-06-01 10:07:33,PRES-2028-DEM,ACCT040,ACCT003,61,155,sell,clean
T000753,2026-06-01 10:07:36,FED-CUT-JUL26,ACCT026,ACCT024,72,171,sell,clean
T000754,2026-06-01 10:07:39,PRES-2028-DEM,ACCT001,ACCT032,58,36,buy,clean
T000755,2026-06-01 10:07:42,SP500-ABOVE-6000-JUN,ACCT033,ACCT035,43,83,buy,clean
T000756,2026-06-01 10:07:45,PRES-2028-DEM,ACCT034,ACCT028,48,122,buy,clean
T000757,2026-06-01 10:07:48,SP500-ABOVE-6000-JUN,ACCT039,ACCT035,63,173,sell,clean
T000758,2026-06-01 10:07:51,SP500-ABOVE-6000-JUN,ACCT018,ACCT016,63,28,sell,clean
T000759,2026-06-01 10:07:54,FED-CUT-JUL26,ACCT017,ACCT019,35,171,buy,clean
T000760,2026-06-01 10:07:57,FED-CUT-JUL26,ACCT017,ACCT039,51,97,sell,clean
T000761,2026-06-01 10:08:00,PRES-2028-DEM,ACCT021,ACCT008,58,49,buy,clean
T000762,2026-06-01 10:08:03,FED-CUT-JUL26,ACCT039,ACCT001,44,100,sell,clean
T000763,2026-06-01 10:08:06,SP500-ABOVE-6000-JUN,ACCT040,ACCT017,51,81,buy,clean
T000764,2026-06-01 10:08:09,PRES-2028-DEM,ACCT021,ACCT012,49,9,sell,clean
T000765,2026-06-01 10:08:12,SP500-ABOVE-6000-JUN,ACCT039,ACCT033,44,97,buy,clean
T000766,2026-06-01 10:08:15,PRES-2028-DEM,ACCT004,ACCT014,62,169,buy,clean
T000767,2026-06-01 10:08:18,FED-CUT-JUL26,ACCT025,ACCT028,38,179,buy,clean
T000768,2026-06-01 10:08:21,SP500-ABOVE-6000-JUN,ACCT004,ACCT022,43,179,sell,clean
T000769,2026-06-01 10:08:24,SP500-ABOVE-6000-JUN,ACCT015,ACCT001,34,38,sell,clean
T000770,2026-06-01 10:08:27,FED-CUT-JUL26,ACCT014,ACCT004,60,112,buy,clean
T000771,2026-06-01 10:08:30,FED-CUT-JUL26,ACCT034,ACCT022,38,97,buy,clean
T000772,2026-06-01 10:08:33,FED-CUT-JUL26,ACCT026,ACCT001,53,172,buy,clean
T000773,2026-06-01 10:08:36,PRES-2028-DEM,ACCT040,ACCT014,9,77,buy,clean
T000774,2026-06-01 10:08:39,SP500-ABOVE-6000-JUN,ACCT014,ACCT028,50,138,sell,clean
T000775,2026-06-01 10:08:42,PRES-2028-DEM,ACCT014,ACCT001,29,33,buy,clean
T000776,2026-06-01 10:08:45,PRES-2028-DEM,ACCT008,ACCT010,38,109,buy,clean
T000777,2026-06-01 10:08:48,SP500-ABOVE-6000-JUN,ACCT021,ACCT037,35,134,sell,clean
T000778,2026-06-01 10:08:51,PRES-2028-DEM,ACCT018,ACCT003,53,35,buy,clean
T000779,2026-06-01 10:08:54,SP500-ABOVE-6000-JUN,ACCT030,ACCT007,41,42,sell,clean
T000780,2026-06-01 10:08:57,SP500-ABOVE-6000-JUN,ACCT012,ACCT037,54,163,buy,clean
T000781,2026-06-01 10:09:00,FED-CUT-JUL26,ACCT030,ACCT027,66,32,buy,clean
T000782,2026-06-01 10:09:03,PRES-2028-DEM,ACCT026,ACCT024,51,71,buy,clean
T000783,2026-06-01 10:09:06,PRES-2028-DEM,ACCT010,ACCT014,25,126,buy,clean
T000784,2026-06-01 10:09:09,SP500-ABOVE-6000-JUN,ACCT020,ACCT009,55,100,buy,clean
T000785,2026-06-01 10:09:12,FED-CUT-JUL26,ACCT001,ACCT035,45,146,sell,clean
T000786,2026-06-01 10:09:15,FED-CUT-JUL26,ACCT032,ACCT014,39,74,sell,clean
T000787,2026-06-01 10:09:18,PRES-2028-DEM,ACCT022,ACCT029,52,20,buy,clean
T000788,2026-06-01 10:09:21,SP500-ABOVE-6000-JUN,ACCT021,ACCT038,69,109,buy,clean
T000789,2026-06-01 10:09:24,SP500-ABOVE-6000-JUN,ACCT037,ACCT010,36,191,buy,clean
T000790,2026-06-01 10:09:27,SP500-ABOVE-6000-JUN,ACCT036,ACCT003,25,196,buy,clean
T000791,2026-06-01 10:09:30,SP500-ABOVE-6000-JUN,ACCT025,ACCT004,39,29,sell,clean
T000792,2026-06-01 10:09:33,FED-CUT-JUL26,ACCT019,ACCT016,66,79,buy,clean
T000793,2026-06-01 10:09:36,SP500-ABOVE-6000-JUN,ACCT032,ACCT024,48,185,buy,clean
T000794,2026-06-01 10:09:39,FED-CUT-JUL26,ACCT015,ACCT008,24,125,buy,clean
T000795,2026-06-01 10:09:42,FED-CUT-JUL26,ACCT022,ACCT026,43,28,sell,clean
T000796,2026-06-01 10:09:45,FED-CUT-JUL26,ACCT001,ACCT025,64,73,buy,clean
T000797,2026-06-01 10:09:48,PRES-2028-DEM,ACCT013,ACCT015,78,31,sell,clean
T000798,2026-06-01 10:09:51,FED-CUT-JUL26,ACCT035,ACCT027,70,33,buy,clean
T000799,2026-06-01 10:09:54,FED-CUT-JUL26,ACCT030,ACCT001,40,195,sell,clean
T000800,2026-06-01 10:09:57,FED-CUT-JUL26,ACCT010,ACCT019,59,51,sell,clean
T000801,2026-06-01 10:10:00,SP500-ABOVE-6000-JUN,ACCT012,ACCT017,58,50,buy,clean
T000802,2026-06-01 10:10:03,PRES-2028-DEM,ACCT027,ACCT029,31,57,sell,clean
T000803,2026-06-01 10:10:06,SP500-ABOVE-6000-JUN,ACCT004,ACCT022,58,183,sell,clean
T000804,2026-06-01 10:10:09,PRES-2028-DEM,ACCT004,ACCT023,53,26,sell,clean
T000805,2026-06-01 10:10:12,FED-CUT-JUL26,ACCT010,ACCT009,41,34,sell,clean
T000806,2026-06-01 10:10:15,PRES-2028-DEM,ACCT020,ACCT016,45,162,buy,clean
T000807,2026-06-01 10:10:18,PRES-2028-DEM,ACCT007,ACCT037,42,195,buy,clean
T000808,2026-06-01 10:10:21,FED-CUT-JUL26,ACCT038,ACCT019,65,144,sell,clean
T000809,2026-06-01 10:10:24,PRES-2028-DEM,ACCT033,ACCT029,20,43,sell,clean
T000810,2026-06-01 10:10:27,PRES-2028-DEM,ACCT015,ACCT028,35,20,buy,clean
T000811,2026-06-01 10:10:30,FED-CUT-JUL26,ACCT020,ACCT016,52,179,buy,clean
T000812,2026-06-01 10:10:33,SP500-ABOVE-6000-JUN,ACCT019,ACCT022,56,31,buy,clean
T000813,2026-06-01 10:10:36,PRES-2028-DEM,ACCT012,ACCT020,58,165,buy,clean
T000814,2026-06-01 10:10:39,SP500-ABOVE-6000-JUN,ACCT026,ACCT023,66,185,buy,clean
T000815,2026-06-01 10:10:42,SP500-ABOVE-6000-JUN,ACCT001,ACCT025,55,5,buy,clean
T000816,2026-06-01 10:10:45,FED-CUT-JUL26,ACCT017,ACCT023,48,193,sell,clean
T000817,2026-06-01 10:10:48,FED-CUT-JUL26,ACCT026,ACCT012,54,48,buy,clean
T000818,2026-06-01 10:10:51,PRES-2028-DEM,ACCT022,ACCT013,66,49,buy,clean
T000819,2026-06-01 10:10:54,SP500-ABOVE-6000-JUN,ACCT028,ACCT009,48,4,buy,clean
T000820,2026-06-01 10:10:57,PRES-2028-DEM,ACCT003,ACCT011,50,161,buy,clean
T000821,2026-06-01 10:11:00,FED-CUT-JUL26,ACCT008,ACCT015,62,42,sell,clean
T000822,2026-06-01 10:11:03,SP500-ABOVE-6000-JUN,ACCT020,ACCT037,66,76,buy,clean
T000823,2026-06-01 10:11:06,PRES-2028-DEM,ACCT002,ACCT017,43,58,sell,clean
T000824,2026-06-01 10:11:09,PRES-2028-DEM,ACCT009,ACCT021,39,22,buy,clean
T000825,2026-06-01 10:11:12,SP500-ABOVE-6000-JUN,ACCT014,ACCT030,60,74,sell,clean
T000826,2026-06-01 10:11:15,FED-CUT-JUL26,ACCT007,ACCT001,71,38,sell,clean
T000827,2026-06-01 10:11:18,FED-CUT-JUL26,ACCT007,ACCT010,23,24,sell,clean
T000828,2026-06-01 10:11:21,FED-CUT-JUL26,ACCT030,ACCT033,45,86,buy,clean
T000829,2026-06-01 10:11:24,SP500-ABOVE-6000-JUN,ACCT037,ACCT034,28,149,sell,clean
T000830,2026-06-01 10:11:27,PRES-2028-DEM,ACCT016,ACCT002,41,29,buy,clean
T000831,2026-06-01 10:11:30,PRES-2028-DEM,ACCT038,ACCT029,51,36,buy,clean
T000832,2026-06-01 10:11:33,FED-CUT-JUL26,ACCT026,ACCT004,44,153,buy,clean
T000833,2026-06-01 10:11:36,PRES-2028-DEM,ACCT007,ACCT001,30,47,sell,clean
T000834,2026-06-01 10:11:39,FED-CUT-JUL26,ACCT031,ACCT001,48,9,buy,clean
T000835,2026-06-01 10:11:42,FED-CUT-JUL26,ACCT032,ACCT038,47,79,buy,clean
T000836,2026-06-01 10:11:45,SP500-ABOVE-6000-JUN,ACCT027,ACCT011,49,101,buy,clean
T000837,2026-06-01 10:11:48,SP500-ABOVE-6000-JUN,ACCT028,ACCT027,61,50,sell,clean
T000838,2026-06-01 10:11:51,FED-CUT-JUL26,ACCT002,ACCT018,46,153,buy,clean
T000839,2026-06-01 10:11:54,PRES-2028-DEM,ACCT018,ACCT020,63,124,buy,clean
T000840,2026-06-01 10:11:57,PRES-2028-DEM,ACCT025,ACCT021,63,101,sell,clean
T000841,2026-06-01 10:12:00,SP500-ABOVE-6000-JUN,ACCT035,ACCT009,29,98,sell,clean
T000842,2026-06-01 10:12:03,SP500-ABOVE-6000-JUN,ACCT032,ACCT008,53,56,buy,clean
T000843,2026-06-01 10:12:06,FED-CUT-JUL26,ACCT021,ACCT026,29,183,sell,clean
T000844,2026-06-01 10:12:09,SP500-ABOVE-6000-JUN,ACCT034,ACCT009,52,141,buy,clean
T000845,2026-06-01 10:12:12,FED-CUT-JUL26,ACCT013,ACCT007,47,46,sell,clean
T000846,2026-06-01 10:12:15,FED-CUT-JUL26,ACCT011,ACCT010,63,74,sell,clean
T000847,2026-06-01 10:12:18,SP500-ABOVE-6000-JUN,ACCT023,ACCT026,60,175,buy,clean
T000848,2026-06-01 10:12:21,PRES-2028-DEM,ACCT021,ACCT027,56,100,sell,clean
T000849,2026-06-01 10:12:24,SP500-ABOVE-6000-JUN,ACCT032,ACCT009,66,102,sell,clean
T000850,2026-06-01 10:12:27,FED-CUT-JUL26,ACCT034,ACCT016,45,10,buy,clean
T000851,2026-06-01 10:12:30,PRES-2028-DEM,ACCT027,ACCT004,60,122,buy,clean
T000852,2026-06-01 10:12:33,SP500-ABOVE-6000-JUN,ACCT030,ACCT020,49,71,sell,clean
T000853,2026-06-01 10:12:36,SP500-ABOVE-6000-JUN,ACCT016,ACCT019,51,110,sell,clean
T000854,2026-06-01 10:12:39,FED-CUT-JUL26,ACCT033,ACCT037,47,91,sell,clean
T000855,2026-06-01 10:12:42,SP500-ABOVE-6000-JUN,ACCT012,ACCT023,38,189,sell,clean
T000856,2026-06-01 10:12:45,FED-CUT-JUL26,ACCT023,ACCT010,54,185,buy,clean
T000857,2026-06-01 10:12:48,SP500-ABOVE-6000-JUN,ACCT009,ACCT003,56,140,buy,clean
T000858,2026-06-01 10:12:51,PRES-2028-DEM,ACCT039,ACCT001,42,79,buy,clean
T000859,2026-06-01 10:12:54,FED-CUT-JUL26,ACCT037,ACCT030,29,46,sell,clean
T000860,2026-06-01 10:12:57,PRES-2028-DEM,ACCT037,ACCT030,32,112,sell,clean
T000861,2026-06-01 10:13:00,PRES-2028-DEM,ACCT029,ACCT009,29,26,sell,clean
T000862,2026-06-01 10:13:03,PRES-2028-DEM,ACCT017,ACCT032,44,32,sell,clean
T000863,2026-06-01 10:13:06,FED-CUT-JUL26,ACCT017,ACCT035,44,107,buy,clean
T000864,2026-06-01 10:13:09,PRES-2028-DEM,ACCT026,ACCT036,56,147,sell,clean
T000865,2026-06-01 10:13:12,FED-CUT-JUL26,ACCT004,ACCT039,24,187,buy,clean
T000866,2026-06-01 10:13:15,PRES-2028-DEM,ACCT009,ACCT011,33,196,sell,clean
T000867,2026-06-01 10:13:18,PRES-2028-DEM,ACCT002,ACCT030,70,159,buy,clean
T000868,2026-06-01 10:13:21,PRES-2028-DEM,ACCT032,ACCT025,56,50,buy,clean
T000869,2026-06-01 10:13:24,PRES-2028-DEM,ACCT002,ACCT040,53,32,buy,clean
T000870,2026-06-01 10:13:27,PRES-2028-DEM,ACCT007,ACCT034,64,26,sell,clean
T000871,2026-06-01 10:13:30,SP500-ABOVE-6000-JUN,ACCT007,ACCT016,45,116,buy,clean
T000872,2026-06-01 10:13:33,SP500-ABOVE-6000-JUN,ACCT039,ACCT003,58,158,buy,clean
T000873,2026-06-01 10:13:36,PRES-2028-DEM,ACCT037,ACCT002,29,94,buy,clean
T000874,2026-06-01 10:13:39,PRES-2028-DEM,ACCT011,ACCT020,48,182,sell,clean
T000875,2026-06-01 10:13:42,FED-CUT-JUL26,ACCT015,ACCT019,58,72,sell,clean
T000876,2026-06-01 10:13:45,SP500-ABOVE-6000-JUN,ACCT034,ACCT030,59,82,buy,clean
T000877,2026-06-01 10:13:48,FED-CUT-JUL26,ACCT007,ACCT031,51,151,sell,clean
T000878,2026-06-01 10:13:51,PRES-2028-DEM,ACCT023,ACCT030,52,169,sell,clean
T000879,2026-06-01 10:13:54,FED-CUT-JUL26,ACCT001,ACCT024,53,60,buy,clean
T000880,2026-06-01 10:13:57,PRES-2028-DEM,ACCT038,ACCT020,43,172,buy,clean
T000881,2026-06-01 10:14:00,FED-CUT-JUL26,ACCT015,ACCT004,54,108,buy,clean
T000882,2026-06-01 10:14:03,SP500-ABOVE-6000-JUN,ACCT027,ACCT018,41,148,buy,clean
T000883,2026-06-01 10:14:06,FED-CUT-JUL26,ACCT003,ACCT037,52,18,sell,clean
T000884,2026-06-01 10:14:09,FED-CUT-JUL26,ACCT028,ACCT008,40,101,sell,clean
T000885,2026-06-01 10:14:12,SP500-ABOVE-6000-JUN,ACCT009,ACCT002,53,83,sell,clean
T000886,2026-06-01 10:14:15,FED-CUT-JUL26,ACCT037,ACCT001,72,12,buy,clean
T000887,2026-06-01 10:14:18,SP500-ABOVE-6000-JUN,ACCT027,ACCT020,41,31,buy,clean
T000888,2026-06-01 10:14:21,FED-CUT-JUL26,ACCT031,ACCT010,41,126,sell,clean
T000889,2026-06-01 10:14:24,FED-CUT-JUL26,ACCT008,ACCT025,27,189,buy,clean
T000890,2026-06-01 10:14:27,PRES-2028-DEM,ACCT016,ACCT032,53,54,sell,clean
T000891,2026-06-01 10:14:30,PRES-2028-DEM,ACCT011,ACCT017,60,159,buy,clean
T000892,2026-06-01 10:14:33,PRES-2028-DEM,ACCT022,ACCT039,45,191,buy,clean
T000893,2026-06-01 10:14:36,PRES-2028-DEM,ACCT033,ACCT036,40,22,sell,clean
T000894,2026-06-01 10:14:39,FED-CUT-JUL26,ACCT035,ACCT024,59,167,sell,clean
T000895,2026-06-01 10:14:42,PRES-2028-DEM,ACCT020,ACCT036,38,13,buy,clean
T000896,2026-06-01 10:14:45,PRES-2028-DEM,ACCT039,ACCT020,51,159,sell,clean
T000897,2026-06-01 10:14:48,SP500-ABOVE-6000-JUN,ACCT020,ACCT034,55,74,sell,clean
T000898,2026-06-01 10:14:51,SP500-ABOVE-6000-JUN,ACCT033,ACCT022,61,175,buy,clean
T000899,2026-06-01 10:14:54,PRES-2028-DEM,ACCT001,ACCT033,47,20,buy,clean
T000900,2026-06-01 10:14:57,FED-CUT-JUL26,ACCT018,ACCT033,67,75,buy,clean
T000901,2026-06-01 10:15:00,PRES-2028-DEM,ACCT022,ACCT024,31,66,sell,clean
T000902,2026-06-01 10:15:03,FED-CUT-JUL26,ACCT022,ACCT024,66,153,sell,clean
T000903,2026-06-01 10:15:06,PRES-2028-DEM,ACCT012,ACCT029,60,128,buy,clean
T000904,2026-06-01 10:15:09,PRES-2028-DEM,ACCT015,ACCT027,29,174,sell,clean
T000905,2026-06-01 10:15:12,FED-CUT-JUL26,ACCT024,ACCT028,25,49,buy,clean
T000906,2026-06-01 10:15:15,FED-CUT-JUL26,ACCT039,ACCT025,42,176,buy,clean
T000907,2026-06-01 10:15:18,SP500-ABOVE-6000-JUN,ACCT038,ACCT013,46,4,sell,clean
T000908,2026-06-01 10:15:21,PRES-2028-DEM,ACCT004,ACCT034,45,1,buy,clean
T000909,2026-06-01 10:15:24,SP500-ABOVE-6000-JUN,ACCT038,ACCT012,68,188,buy,clean
T000910,2026-06-01 10:15:27,FED-CUT-JUL26,ACCT025,ACCT018,56,26,sell,clean
T000911,2026-06-01 10:15:30,SP500-ABOVE-6000-JUN,ACCT023,ACCT040,63,107,buy,clean
T000912,2026-06-01 10:15:33,SP500-ABOVE-6000-JUN,ACCT032,ACCT037,58,25,buy,clean
T000913,2026-06-01 10:15:36,SP500-ABOVE-6000-JUN,ACCT025,ACCT032,41,119,buy,clean
T000914,2026-06-01 10:15:39,PRES-2028-DEM,ACCT022,ACCT018,39,145,sell,clean
T000915,2026-06-01 10:15:42,PRES-2028-DEM,ACCT032,ACCT036,46,167,buy,clean
T000916,2026-06-01 10:15:45,SP500-ABOVE-6000-JUN,ACCT024,ACCT004,61,184,buy,clean
T000917,2026-06-01 10:15:48,FED-CUT-JUL26,ACCT011,ACCT017,63,161,sell,clean
T000918,2026-06-01 10:15:51,PRES-2028-DEM,ACCT012,ACCT010,41,7,sell,clean
T000919,2026-06-01 10:15:54,FED-CUT-JUL26,ACCT014,ACCT018,58,175,sell,clean
T000920,2026-06-01 10:15:57,PRES-2028-DEM,ACCT012,ACCT018,59,122,sell,clean
T000921,2026-06-01 10:16:00,FED-CUT-JUL26,ACCT026,ACCT020,35,107,sell,clean
T000922,2026-06-01 10:16:03,SP500-ABOVE-6000-JUN,ACCT027,ACCT001,47,169,sell,clean
T000923,2026-06-01 10:16:06,SP500-ABOVE-6000-JUN,ACCT032,ACCT020,57,129,buy,clean
T000924,2026-06-01 10:16:09,SP500-ABOVE-6000-JUN,ACCT012,ACCT025,41,36,sell,clean
T000925,2026-06-01 10:16:12,SP500-ABOVE-6000-JUN,ACCT033,ACCT027,65,182,sell,clean
T000926,2026-06-01 10:16:15,SP500-ABOVE-6000-JUN,ACCT028,ACCT007,72,25,buy,clean
T000927,2026-06-01 10:16:18,SP500-ABOVE-6000-JUN,ACCT018,ACCT009,55,194,sell,clean
T000928,2026-06-01 10:16:21,SP500-ABOVE-6000-JUN,ACCT007,ACCT031,51,45,sell,clean
T000929,2026-06-01 10:16:24,SP500-ABOVE-6000-JUN,ACCT039,ACCT038,52,74,buy,clean
T000930,2026-06-01 10:16:27,PRES-2028-DEM,ACCT008,ACCT040,80,9,buy,clean
T000931,2026-06-01 10:16:30,PRES-2028-DEM,ACCT024,ACCT014,37,136,sell,clean
T000932,2026-06-01 10:16:33,SP500-ABOVE-6000-JUN,ACCT025,ACCT038,63,161,sell,clean
T000933,2026-06-01 10:16:36,FED-CUT-JUL26,ACCT009,ACCT010,46,6,buy,clean
T000934,2026-06-01 10:16:39,PRES-2028-DEM,ACCT013,ACCT021,64,157,sell,clean
T000935,2026-06-01 10:16:42,PRES-2028-DEM,ACCT040,ACCT033,82,9,sell,clean
T000936,2026-06-01 10:16:45,PRES-2028-DEM,ACCT011,ACCT016,31,170,buy,clean
T000937,2026-06-01 10:16:48,SP500-ABOVE-6000-JUN,ACCT003,ACCT025,79,157,buy,clean
T000938,2026-06-01 10:16:51,PRES-2028-DEM,ACCT009,ACCT003,41,123,sell,clean
T000939,2026-06-01 10:16:54,PRES-2028-DEM,ACCT037,ACCT027,41,14,sell,clean
T000940,2026-06-01 10:16:57,SP500-ABOVE-6000-JUN,ACCT011,ACCT010,26,95,sell,clean
T000941,2026-06-01 10:17:00,PRES-2028-DEM,ACCT017,ACCT008,42,138,buy,clean
T000942,2026-06-01 10:17:03,PRES-2028-DEM,ACCT031,ACCT014,47,63,sell,clean
T000943,2026-06-01 10:17:06,SP500-ABOVE-6000-JUN,ACCT007,ACCT019,57,92,buy,clean
T000944,2026-06-01 10:17:09,FED-CUT-JUL26,ACCT018,ACCT036,58,27,buy,clean
T000945,2026-06-01 10:17:12,PRES-2028-DEM,ACCT011,ACCT036,52,96,buy,clean
T000946,2026-06-01 10:17:15,FED-CUT-JUL26,ACCT010,ACCT002,46,99,sell,clean
T000947,2026-06-01 10:17:18,FED-CUT-JUL26,ACCT034,ACCT002,57,53,sell,clean
T000948,2026-06-01 10:17:21,FED-CUT-JUL26,ACCT003,ACCT037,52,194,sell,clean
T000949,2026-06-01 10:17:24,SP500-ABOVE-6000-JUN,ACCT030,ACCT004,55,174,sell,clean
T000950,2026-06-01 10:17:27,SP500-ABOVE-6000-JUN,ACCT036,ACCT019,56,61,buy,clean
T000951,2026-06-01 10:17:30,PRES-2028-DEM,ACCT037,ACCT021,43,93,sell,clean
T000952,2026-06-01 10:17:33,SP500-ABOVE-6000-JUN,ACCT023,ACCT019,57,3,sell,clean
T000953,2026-06-01 10:17:36,SP500-ABOVE-6000-JUN,ACCT016,ACCT029,76,157,sell,clean
T000954,2026-06-01 10:17:39,FED-CUT-JUL26,ACCT019,ACCT034,61,159,buy,clean
T000955,2026-06-01 10:17:42,SP500-ABOVE-6000-JUN,ACCT031,ACCT040,43,183,sell,clean
T000956,2026-06-01 10:17:45,PRES-2028-DEM,ACCT018,ACCT025,61,20,buy,clean
T000957,2026-06-01 10:17:48,SP500-ABOVE-6000-JUN,ACCT029,ACCT007,34,84,sell,clean
T000958,2026-06-01 10:17:51,FED-CUT-JUL26,ACCT002,ACCT013,43,152,buy,clean
T000959,2026-06-01 10:17:54,SP500-ABOVE-6000-JUN,ACCT035,ACCT040,43,150,buy,clean
T000960,2026-06-01 10:17:57,PRES-2028-DEM,ACCT039,ACCT035,66,138,buy,clean
T000961,2026-06-01 10:18:00,SP500-ABOVE-6000-JUN,ACCT031,ACCT023,47,63,sell,clean
T000962,2026-06-01 10:18:03,SP500-ABOVE-6000-JUN,ACCT010,ACCT018,21,21,sell,clean
T000963,2026-06-01 10:18:06,SP500-ABOVE-6000-JUN,ACCT017,ACCT031,51,33,buy,clean
T000964,2026-06-01 10:18:09,FED-CUT-JUL26,ACCT023,ACCT010,60,148,sell,clean
T000965,2026-06-01 10:18:12,PRES-2028-DEM,ACCT029,ACCT019,51,26,buy,clean
T000966,2026-06-01 10:18:15,PRES-2028-DEM,ACCT011,ACCT035,68,91,buy,clean
T000967,2026-06-01 10:18:18,FED-CUT-JUL26,ACCT040,ACCT009,53,91,sell,clean
T000968,2026-06-01 10:18:21,FED-CUT-JUL26,ACCT011,ACCT014,47,131,buy,clean
T000969,2026-06-01 10:18:24,FED-CUT-JUL26,ACCT027,ACCT023,36,198,buy,clean
T000970,2026-06-01 10:18:27,SP500-ABOVE-6000-JUN,ACCT036,ACCT040,22,99,sell,clean
T000971,2026-06-01 10:18:30,SP500-ABOVE-6000-JUN,ACCT016,ACCT030,34,26,sell,clean
T000972,2026-06-01 10:18:33,FED-CUT-JUL26,ACCT031,ACCT017,57,156,buy,clean
T000973,2026-06-01 10:18:36,SP500-ABOVE-6000-JUN,ACCT035,ACCT013,75,139,buy,clean
T000974,2026-06-01 10:18:39,FED-CUT-JUL26,ACCT039,ACCT030,48,76,buy,clean
T000975,2026-06-01 10:18:42,PRES-2028-DEM,ACCT011,ACCT020,49,21,buy,clean
T000976,2026-06-01 10:18:45,FED-CUT-JUL26,ACCT032,ACCT035,47,10,sell,clean
T000977,2026-06-01 10:18:48,SP500-ABOVE-6000-JUN,ACCT003,ACCT001,50,57,buy,clean
T000978,2026-06-01 10:18:51,PRES-2028-DEM,ACCT034,ACCT021,61,133,buy,clean
T000979,2026-06-01 10:18:54,SP500-ABOVE-6000-JUN,ACCT016,ACCT014,67,162,buy,clean
T000980,2026-06-01 10:18:57,PRES-2028-DEM,ACCT022,ACCT017,62,162,sell,clean
T000981,2026-06-01 10:19:00,PRES-2028-DEM,ACCT021,ACCT029,60,30,buy,clean
T000982,2026-06-01 10:19:03,FED-CUT-JUL26,ACCT011,ACCT033,62,176,buy,clean
T000983,2026-06-01 10:19:06,FED-CUT-JUL26,ACCT004,ACCT038,51,101,sell,clean
T000984,2026-06-01 10:19:09,FED-CUT-JUL26,ACCT034,ACCT017,38,105,buy,clean
T000985,2026-06-01 10:19:12,SP500-ABOVE-6000-JUN,ACCT010,ACCT024,60,6,sell,clean
T000986,2026-06-01 10:19:15,SP500-ABOVE-6000-JUN,ACCT007,ACCT004,38,41,sell,clean
T000987,2026-06-01 10:19:18,FED-CUT-JUL26,ACCT029,ACCT016,41,6,buy,clean
T000988,2026-06-01 10:19:21,FED-CUT-JUL26,ACCT022,ACCT002,52,70,buy,clean
T000989,2026-06-01 10:19:24,FED-CUT-JUL26,ACCT008,ACCT007,67,107,buy,clean
T000990,2026-06-01 10:19:27,FED-CUT-JUL26,ACCT015,ACCT022,52,78,sell,clean
T000991,2026-06-01 10:19:30,SP500-ABOVE-6000-JUN,ACCT039,ACCT033,40,105,sell,clean
T000992,2026-06-01 10:19:33,FED-CUT-JUL26,ACCT002,ACCT034,45,183,buy,clean
T000993,2026-06-01 10:19:36,FED-CUT-JUL26,ACCT017,ACCT031,39,86,buy,clean
T000994,2026-06-01 10:19:39,FED-CUT-JUL26,ACCT040,ACCT018,60,134,buy,clean
T000995,2026-06-01 10:19:42,SP500-ABOVE-6000-JUN,ACCT024,ACCT012,67,2,sell,clean
T000996,2026-06-01 10:19:45,SP500-ABOVE-6000-JUN,ACCT018,ACCT023,36,190,buy,clean
T000997,2026-06-01 10:19:48,PRES-2028-DEM,ACCT013,ACCT036,49,30,buy,clean
T000998,2026-06-01 10:19:51,SP500-ABOVE-6000-JUN,ACCT034,ACCT011,49,76,buy,clean
T000999,2026-06-01 10:19:54,SP500-ABOVE-6000-JUN,ACCT026,ACCT039,46,53,sell,clean
T001000,2026-06-01 10:19:57,FED-CUT-JUL26,ACCT011,ACCT013,27,107,buy,clean
T001001,2026-06-01 10:20:00,PRES-2028-DEM,ACCT022,ACCT015,51,25,buy,clean
T001002,2026-06-01 10:20:03,SP500-ABOVE-6000-JUN,ACCT017,ACCT025,31,110,sell,clean
T001003,2026-06-01 10:20:06,SP500-ABOVE-6000-JUN,ACCT015,ACCT007,45,46,sell,clean
T001004,2026-06-01 10:20:09,SP500-ABOVE-6000-JUN,ACCT027,ACCT024,29,189,sell,clean
T001005,2026-06-01 10:20:12,PRES-2028-DEM,ACCT008,ACCT012,58,369,buy,clean
T001006,2026-06-01 10:20:15,FED-CUT-JUL26,ACCT022,ACCT035,50,199,sell,clean
T001007,2026-06-01 10:20:18,FED-CUT-JUL26,ACCT036,ACCT008,67,163,sell,clean
T001008,2026-06-01 10:20:21,SP500-ABOVE-6000-JUN,ACCT019,ACCT010,38,7,sell,clean
T001009,2026-06-01 10:20:24,SP500-ABOVE-6000-JUN,ACCT015,ACCT027,30,51,sell,clean
T001010,2026-06-01 10:20:27,FED-CUT-JUL26,ACCT009,ACCT026,62,70,buy,clean
T001011,2026-06-01 10:20:30,SP500-ABOVE-6000-JUN,ACCT019,ACCT020,27,184,sell,clean
T001012,2026-06-01 10:20:33,SP500-ABOVE-6000-JUN,ACCT037,ACCT009,52,40,buy,clean
T001013,2026-06-01 10:20:36,PRES-2028-DEM,ACCT004,ACCT031,47,140,sell,clean
T001014,2026-06-01 10:20:39,FED-CUT-JUL26,ACCT013,ACCT040,48,171,sell,clean
T001015,2026-06-01 10:20:42,SP500-ABOVE-6000-JUN,ACCT012,ACCT020,61,51,sell,clean
T001016,2026-06-01 10:20:45,FED-CUT-JUL26,ACCT010,ACCT024,27,119,buy,clean
T001017,2026-06-01 10:20:48,PRES-2028-DEM,ACCT023,ACCT040,48,3,buy,clean
T001018,2026-06-01 10:20:51,PRES-2028-DEM,ACCT022,ACCT015,49,98,sell,clean
T001019,2026-06-01 10:20:54,FED-CUT-JUL26,ACCT017,ACCT015,48,67,sell,clean
T001020,2026-06-01 10:20:57,FED-CUT-JUL26,ACCT025,ACCT036,33,10,sell,clean
T001021,2026-06-01 10:21:00,SP500-ABOVE-6000-JUN,ACCT021,ACCT016,32,191,sell,clean
T001022,2026-06-01 10:21:03,FED-CUT-JUL26,ACCT003,ACCT010,33,120,sell,clean
T001023,2026-06-01 10:21:06,PRES-2028-DEM,ACCT025,ACCT001,57,26,buy,clean
T001024,2026-06-01 10:21:09,PRES-2028-DEM,ACCT002,ACCT031,54,112,sell,clean
T001025,2026-06-01 10:21:12,SP500-ABOVE-6000-JUN,ACCT024,ACCT033,45,60,buy,clean
T001026,2026-06-01 10:21:15,FED-CUT-JUL26,ACCT040,ACCT002,53,153,buy,clean
T001027,2026-06-01 10:21:18,PRES-2028-DEM,ACCT008,ACCT022,51,102,buy,clean
T001028,2026-06-01 10:21:21,PRES-2028-DEM,ACCT022,ACCT008,59,186,buy,clean
T001029,2026-06-01 10:21:24,FED-CUT-JUL26,ACCT009,ACCT033,38,121,sell,clean
T001030,2026-06-01 10:21:27,FED-CUT-JUL26,ACCT011,ACCT028,53,187,sell,clean
T001031,2026-06-01 10:21:30,SP500-ABOVE-6000-JUN,ACCT040,ACCT002,52,95,sell,clean
T001032,2026-06-01 10:21:33,SP500-ABOVE-6000-JUN,ACCT017,ACCT011,46,24,sell,clean
T001033,2026-06-01 10:21:36,FED-CUT-JUL26,ACCT027,ACCT033,79,42,sell,clean
T001034,2026-06-01 10:21:39,FED-CUT-JUL26,ACCT009,ACCT028,50,148,sell,clean
T001035,2026-06-01 10:21:42,SP500-ABOVE-6000-JUN,ACCT028,ACCT030,51,163,buy,clean
T001036,2026-06-01 10:21:45,SP500-ABOVE-6000-JUN,ACCT026,ACCT010,57,99,buy,clean
T001037,2026-06-01 10:21:48,SP500-ABOVE-6000-JUN,ACCT040,ACCT019,57,117,sell,clean
T001038,2026-06-01 10:21:51,FED-CUT-JUL26,ACCT032,ACCT026,65,109,sell,clean
T001039,2026-06-01 10:21:54,FED-CUT-JUL26,ACCT025,ACCT029,60,153,buy,clean
T001040,2026-06-01 10:21:57,PRES-2028-DEM,ACCT014,ACCT008,43,127,sell,clean
T001041,2026-06-01 10:22:00,PRES-2028-DEM,ACCT036,ACCT039,45,38,buy,clean
T001042,2026-06-01 10:22:03,SP500-ABOVE-6000-JUN,ACCT022,ACCT030,43,185,buy,clean
T001043,2026-06-01 10:22:06,FED-CUT-JUL26,ACCT035,ACCT037,55,96,sell,clean
T001044,2026-06-01 10:22:09,PRES-2028-DEM,ACCT020,ACCT035,42,174,sell,clean
T001045,2026-06-01 10:22:12,FED-CUT-JUL26,ACCT011,ACCT020,48,82,buy,clean
T001046,2026-06-01 10:22:15,PRES-2028-DEM,ACCT007,ACCT021,47,108,sell,clean
T001047,2026-06-01 10:22:18,PRES-2028-DEM,ACCT024,ACCT023,42,191,sell,clean
T001048,2026-06-01 10:22:21,PRES-2028-DEM,ACCT039,ACCT008,39,54,sell,clean
T001049,2026-06-01 10:22:24,FED-CUT-JUL26,ACCT002,ACCT012,44,111,sell,clean
T001050,2026-06-01 10:22:27,PRES-2028-DEM,ACCT027,ACCT037,61,25,sell,clean
T001051,2026-06-01 10:22:30,PRES-2028-DEM,ACCT013,ACCT028,39,154,sell,clean
T001052,2026-06-01 10:22:33,SP500-ABOVE-6000-JUN,ACCT023,ACCT035,38,127,sell,clean
T001053,2026-06-01 10:22:36,PRES-2028-DEM,ACCT028,ACCT021,72,168,buy,clean
T001054,2026-06-01 10:22:39,FED-CUT-JUL26,ACCT029,ACCT015,39,159,buy,clean
T001055,2026-06-01 10:22:42,PRES-2028-DEM,ACCT013,ACCT039,37,6,sell,clean
T001056,2026-06-01 10:22:45,SP500-ABOVE-6000-JUN,ACCT018,ACCT014,31,34,sell,clean
T001057,2026-06-01 10:22:48,FED-CUT-JUL26,ACCT018,ACCT031,71,129,buy,clean
T001058,2026-06-01 10:22:51,PRES-2028-DEM,ACCT001,ACCT003,44,121,sell,clean
T001059,2026-06-01 10:22:54,SP500-ABOVE-6000-JUN,ACCT010,ACCT037,47,16,sell,clean
T001060,2026-06-01 10:22:57,SP500-ABOVE-6000-JUN,ACCT031,ACCT030,51,195,buy,clean
T001061,2026-06-01 10:23:00,PRES-2028-DEM,ACCT018,ACCT033,51,19,sell,clean
T001062,2026-06-01 10:23:03,SP500-ABOVE-6000-JUN,ACCT031,ACCT024,54,153,buy,clean
T001063,2026-06-01 10:23:06,PRES-2028-DEM,ACCT026,ACCT039,43,41,sell,clean
T001064,2026-06-01 10:23:09,SP500-ABOVE-6000-JUN,ACCT011,ACCT012,31,59,buy,clean
T001065,2026-06-01 10:23:12,FED-CUT-JUL26,ACCT026,ACCT035,48,159,buy,clean
T001066,2026-06-01 10:23:15,FED-CUT-JUL26,ACCT027,ACCT034,35,124,sell,clean
T001067,2026-06-01 10:23:18,PRES-2028-DEM,ACCT017,ACCT012,46,167,buy,clean
T001068,2026-06-01 10:23:21,SP500-ABOVE-6000-JUN,ACCT001,ACCT036,65,9,sell,clean
T001069,2026-06-01 10:23:24,SP500-ABOVE-6000-JUN,ACCT037,ACCT008,54,64,buy,clean
T001070,2026-06-01 10:23:27,SP500-ABOVE-6000-JUN,ACCT032,ACCT014,65,24,buy,clean
T001071,2026-06-01 10:23:30,PRES-2028-DEM,ACCT017,ACCT018,36,138,buy,clean
T001072,2026-06-01 10:23:33,FED-CUT-JUL26,ACCT008,ACCT033,54,125,sell,clean
T001073,2026-06-01 10:23:36,PRES-2028-DEM,ACCT031,ACCT015,35,1,sell,clean
T001074,2026-06-01 10:23:39,FED-CUT-JUL26,ACCT035,ACCT033,20,137,buy,clean
T001075,2026-06-01 10:23:42,SP500-ABOVE-6000-JUN,ACCT031,ACCT010,78,82,sell,clean
T001076,2026-06-01 10:23:45,FED-CUT-JUL26,ACCT022,ACCT009,61,138,buy,clean
T001077,2026-06-01 10:23:48,SP500-ABOVE-6000-JUN,ACCT022,ACCT023,51,157,buy,clean
T001078,2026-06-01 10:23:51,FED-CUT-JUL26,ACCT013,ACCT023,82,107,sell,clean
T001079,2026-06-01 10:23:54,FED-CUT-JUL26,ACCT026,ACCT012,43,81,sell,clean
T001080,2026-06-01 10:23:57,FED-CUT-JUL26,ACCT001,ACCT028,61,36,sell,clean
T001081,2026-06-01 10:24:00,SP500-ABOVE-6000-JUN,ACCT019,ACCT021,51,98,sell,clean
T001082,2026-06-01 10:24:03,FED-CUT-JUL26,ACCT020,ACCT009,56,185,sell,clean
T001083,2026-06-01 10:24:06,SP500-ABOVE-6000-JUN,ACCT040,ACCT027,53,138,sell,clean
T001084,2026-06-01 10:24:09,SP500-ABOVE-6000-JUN,ACCT007,ACCT023,69,39,sell,clean
T001085,2026-06-01 10:24:12,PRES-2028-DEM,ACCT023,ACCT039,33,75,buy,clean
T001086,2026-06-01 10:24:15,FED-CUT-JUL26,ACCT031,ACCT016,55,86,buy,clean
T001087,2026-06-01 10:24:18,SP500-ABOVE-6000-JUN,ACCT029,ACCT030,38,136,buy,clean
T001088,2026-06-01 10:24:21,PRES-2028-DEM,ACCT035,ACCT023,53,163,buy,clean
T001089,2026-06-01 10:24:24,SP500-ABOVE-6000-JUN,ACCT013,ACCT035,52,157,buy,clean
T001090,2026-06-01 10:24:27,SP500-ABOVE-6000-JUN,ACCT012,ACCT024,65,136,sell,clean
T001091,2026-06-01 10:24:30,SP500-ABOVE-6000-JUN,ACCT027,ACCT002,60,58,sell,clean
T001092,2026-06-01 10:24:33,SP500-ABOVE-6000-JUN,ACCT025,ACCT039,61,47,buy,clean
T001093,2026-06-01 10:24:36,PRES-2028-DEM,ACCT023,ACCT017,45,70,buy,clean
T001094,2026-06-01 10:24:39,FED-CUT-JUL26,ACCT010,ACCT027,73,54,sell,clean
T001095,2026-06-01 10:24:42,PRES-2028-DEM,ACCT027,ACCT040,52,149,buy,clean
T001096,2026-06-01 10:24:45,SP500-ABOVE-6000-JUN,ACCT025,ACCT023,42,130,sell,clean
T001097,2026-06-01 10:24:48,FED-CUT-JUL26,ACCT002,ACCT001,40,26,sell,clean
T001098,2026-06-01 10:24:51,SP500-ABOVE-6000-JUN,ACCT022,ACCT017,55,100,sell,clean
T001099,2026-06-01 10:24:54,PRES-2028-DEM,ACCT014,ACCT039,64,121,buy,clean
T001100,2026-06-01 10:24:57,FED-CUT-JUL26,ACCT013,ACCT029,63,190,buy,clean
T001101,2026-06-01 10:25:00,PRES-2028-DEM,ACCT022,ACCT028,31,83,buy,clean
T001102,2026-06-01 10:25:03,PRES-2028-DEM,ACCT012,ACCT029,61,135,buy,clean
T001103,2026-06-01 10:25:06,PRES-2028-DEM,ACCT008,ACCT029,55,107,sell,clean
T001104,2026-06-01 10:25:09,FED-CUT-JUL26,ACCT011,ACCT023,43,184,buy,clean
T001105,2026-06-01 10:25:12,PRES-2028-DEM,ACCT035,ACCT011,52,191,buy,clean
T001106,2026-06-01 10:25:15,FED-CUT-JUL26,ACCT014,ACCT022,34,134,sell,clean
T001107,2026-06-01 10:25:18,PRES-2028-DEM,ACCT040,ACCT003,49,51,buy,clean
T001108,2026-06-01 10:25:21,PRES-2028-DEM,ACCT013,ACCT028,43,89,buy,clean
T001109,2026-06-01 10:25:24,FED-CUT-JUL26,ACCT019,ACCT037,31,132,sell,clean
T001110,2026-06-01 10:25:27,FED-CUT-JUL26,ACCT038,ACCT032,40,133,sell,clean
T001111,2026-06-01 10:25:30,SP500-ABOVE-6000-JUN,ACCT011,ACCT009,51,141,sell,clean
T001112,2026-06-01 10:25:33,SP500-ABOVE-6000-JUN,ACCT008,ACCT035,59,131,buy,clean
T001113,2026-06-01 10:25:36,SP500-ABOVE-6000-JUN,ACCT025,ACCT036,44,135,buy,clean
T001114,2026-06-01 10:25:39,SP500-ABOVE-6000-JUN,ACCT013,ACCT026,59,159,buy,clean
T001115,2026-06-01 10:25:42,FED-CUT-JUL26,ACCT021,ACCT027,76,120,sell,clean
T001116,2026-06-01 10:25:45,SP500-ABOVE-6000-JUN,ACCT038,ACCT022,55,18,buy,clean
T001117,2026-06-01 10:25:48,PRES-2028-DEM,ACCT018,ACCT028,53,50,buy,clean
T001118,2026-06-01 10:25:51,FED-CUT-JUL26,ACCT011,ACCT028,64,39,buy,clean
T001119,2026-06-01 10:25:54,PRES-2028-DEM,ACCT010,ACCT036,47,121,buy,clean
T001120,2026-06-01 10:25:57,SP500-ABOVE-6000-JUN,ACCT032,ACCT012,80,88,sell,clean
T001121,2026-06-01 10:26:00,FED-CUT-JUL26,ACCT030,ACCT040,59,125,sell,clean
T001122,2026-06-01 10:26:03,SP500-ABOVE-6000-JUN,ACCT026,ACCT018,62,111,sell,clean
T001123,2026-06-01 10:26:06,SP500-ABOVE-6000-JUN,ACCT020,ACCT019,43,65,sell,clean
T001124,2026-06-01 10:26:09,FED-CUT-JUL26,ACCT018,ACCT040,33,27,sell,clean
T001125,2026-06-01 10:26:12,SP500-ABOVE-6000-JUN,ACCT027,ACCT003,37,26,buy,clean
T001126,2026-06-01 10:26:15,SP500-ABOVE-6000-JUN,ACCT029,ACCT028,49,113,sell,clean
T001127,2026-06-01 10:26:18,SP500-ABOVE-6000-JUN,ACCT030,ACCT002,51,85,buy,clean
T001128,2026-06-01 10:26:21,FED-CUT-JUL26,ACCT025,ACCT018,46,179,sell,clean
T001129,2026-06-01 10:26:24,SP500-ABOVE-6000-JUN,ACCT023,ACCT028,50,128,buy,clean
T001130,2026-06-01 10:26:27,PRES-2028-DEM,ACCT023,ACCT022,65,81,sell,clean
T001131,2026-06-01 10:26:30,SP500-ABOVE-6000-JUN,ACCT034,ACCT025,43,41,buy,clean
T001132,2026-06-01 10:26:33,FED-CUT-JUL26,ACCT035,ACCT038,45,159,buy,clean
T001133,2026-06-01 10:26:36,SP500-ABOVE-6000-JUN,ACCT028,ACCT019,56,35,sell,clean
T001134,2026-06-01 10:26:39,FED-CUT-JUL26,ACCT017,ACCT031,54,71,buy,clean
T001135,2026-06-01 10:26:42,PRES-2028-DEM,ACCT031,ACCT016,56,157,sell,clean
T001136,2026-06-01 10:26:45,SP500-ABOVE-6000-JUN,ACCT015,ACCT029,55,148,sell,clean
T001137,2026-06-01 10:26:48,FED-CUT-JUL26,ACCT018,ACCT023,45,83,buy,clean
T001138,2026-06-01 10:26:51,SP500-ABOVE-6000-JUN,ACCT033,ACCT037,41,185,sell,clean
T001139,2026-06-01 10:26:54,PRES-2028-DEM,ACCT032,ACCT031,37,44,buy,clean
T001140,2026-06-01 10:26:57,FED-CUT-JUL26,ACCT033,ACCT012,60,71,sell,clean
T001141,2026-06-01 10:27:00,PRES-2028-DEM,ACCT028,ACCT016,44,78,sell,clean
T001142,2026-06-01 10:27:03,SP500-ABOVE-6000-JUN,ACCT040,ACCT023,70,194,sell,clean
T001143,2026-06-01 10:27:06,SP500-ABOVE-6000-JUN,ACCT029,ACCT013,49,195,buy,clean
T001144,2026-06-01 10:27:09,FED-CUT-JUL26,ACCT008,ACCT009,64,100,sell,clean
T001145,2026-06-01 10:27:12,PRES-2028-DEM,ACCT009,ACCT022,38,128,buy,clean
T001146,2026-06-01 10:27:15,FED-CUT-JUL26,ACCT008,ACCT024,44,156,buy,clean
T001147,2026-06-01 10:27:18,PRES-2028-DEM,ACCT036,ACCT001,61,146,sell,clean
T001148,2026-06-01 10:27:21,FED-CUT-JUL26,ACCT014,ACCT037,52,40,sell,clean
T001149,2026-06-01 10:27:24,PRES-2028-DEM,ACCT035,ACCT012,55,138,buy,clean
T001150,2026-06-01 10:27:27,PRES-2028-DEM,ACCT040,ACCT036,52,40,sell,clean
T001151,2026-06-01 10:27:30,SP500-ABOVE-6000-JUN,ACCT038,ACCT007,43,126,buy,clean
T001152,2026-06-01 10:27:33,FED-CUT-JUL26,ACCT040,ACCT009,53,135,sell,clean
T001153,2026-06-01 10:27:36,FED-CUT-JUL26,ACCT015,ACCT021,61,22,sell,clean
T001154,2026-06-01 10:27:39,FED-CUT-JUL26,ACCT027,ACCT022,28,176,buy,clean
T001155,2026-06-01 10:27:42,FED-CUT-JUL26,ACCT040,ACCT039,33,137,buy,clean
T001156,2026-06-01 10:27:45,SP500-ABOVE-6000-JUN,ACCT004,ACCT030,48,95,buy,clean
T001157,2026-06-01 10:27:48,PRES-2028-DEM,ACCT023,ACCT007,46,157,buy,clean
T001158,2026-06-01 10:27:51,PRES-2028-DEM,ACCT021,ACCT001,64,85,buy,clean
T001159,2026-06-01 10:27:54,FED-CUT-JUL26,ACCT003,ACCT012,55,109,sell,clean
T001160,2026-06-01 10:27:57,FED-CUT-JUL26,ACCT029,ACCT027,45,125,sell,clean
T001161,2026-06-01 10:28:00,FED-CUT-JUL26,ACCT011,ACCT017,55,126,buy,clean
T001162,2026-06-01 10:28:03,FED-CUT-JUL26,ACCT028,ACCT021,40,28,buy,clean
T001163,2026-06-01 10:28:06,FED-CUT-JUL26,ACCT015,ACCT011,46,29,buy,clean
T001164,2026-06-01 10:28:09,SP500-ABOVE-6000-JUN,ACCT007,ACCT018,39,114,buy,clean
T001165,2026-06-01 10:28:12,PRES-2028-DEM,ACCT039,ACCT001,60,45,sell,clean
T001166,2026-06-01 10:28:15,PRES-2028-DEM,ACCT021,ACCT035,57,169,sell,clean
T001167,2026-06-01 10:28:18,SP500-ABOVE-6000-JUN,ACCT036,ACCT021,43,15,buy,clean
T001168,2026-06-01 10:28:21,SP500-ABOVE-6000-JUN,ACCT013,ACCT023,45,60,buy,clean
T001169,2026-06-01 10:28:24,FED-CUT-JUL26,ACCT039,ACCT010,62,140,buy,clean
T001170,2026-06-01 10:28:27,FED-CUT-JUL26,ACCT027,ACCT031,57,65,sell,clean
T001171,2026-06-01 10:28:30,FED-CUT-JUL26,ACCT017,ACCT012,45,100,sell,clean
T001172,2026-06-01 10:28:33,FED-CUT-JUL26,ACCT012,ACCT003,31,59,sell,clean
T001173,2026-06-01 10:28:36,FED-CUT-JUL26,ACCT029,ACCT032,48,94,sell,clean
T001174,2026-06-01 10:28:39,PRES-2028-DEM,ACCT018,ACCT016,46,187,sell,clean
T001175,2026-06-01 10:28:42,PRES-2028-DEM,ACCT028,ACCT012,35,199,sell,clean
T001176,2026-06-01 10:28:45,PRES-2028-DEM,ACCT027,ACCT036,23,53,sell,clean
T001177,2026-06-01 10:28:48,SP500-ABOVE-6000-JUN,ACCT039,ACCT012,40,39,sell,clean
T001178,2026-06-01 10:28:51,PRES-2028-DEM,ACCT034,ACCT023,34,161,buy,clean
T001179,2026-06-01 10:28:54,PRES-2028-DEM,ACCT024,ACCT008,39,39,buy,clean
T001180,2026-06-01 10:28:57,FED-CUT-JUL26,ACCT040,ACCT031,31,26,buy,clean
T001181,2026-06-01 10:29:00,SP500-ABOVE-6000-JUN,ACCT029,ACCT013,34,72,buy,clean
T001182,2026-06-01 10:29:03,PRES-2028-DEM,ACCT011,ACCT027,36,151,sell,clean
T001183,2026-06-01 10:29:06,FED-CUT-JUL26,ACCT039,ACCT025,76,18,buy,clean
T001184,2026-06-01 10:29:09,PRES-2028-DEM,ACCT015,ACCT023,44,91,sell,clean
T001185,2026-06-01 10:29:12,FED-CUT-JUL26,ACCT015,ACCT035,47,126,sell,clean
T001186,2026-06-01 10:29:15,FED-CUT-JUL26,ACCT031,ACCT030,44,169,sell,clean
T001187,2026-06-01 10:29:18,SP500-ABOVE-6000-JUN,ACCT001,ACCT039,61,98,sell,clean
T001188,2026-06-01 10:29:21,SP500-ABOVE-6000-JUN,ACCT030,ACCT029,48,67,buy,clean
T001189,2026-06-01 10:29:24,FED-CUT-JUL26,ACCT008,ACCT023,66,33,buy,clean
T001190,2026-06-01 10:29:27,PRES-2028-DEM,ACCT039,ACCT018,54,4,sell,clean
T001191,2026-06-01 10:29:30,FED-CUT-JUL26,ACCT024,ACCT009,46,191,buy,clean
T001192,2026-06-01 10:29:33,SP500-ABOVE-6000-JUN,ACCT017,ACCT016,54,136,buy,clean
T001193,2026-06-01 10:29:36,PRES-2028-DEM,ACCT033,ACCT021,48,114,buy,clean
T001194,2026-06-01 10:29:39,PRES-2028-DEM,ACCT019,ACCT012,61,32,buy,clean
T001195,2026-06-01 10:29:42,PRES-2028-DEM,ACCT013,ACCT028,39,130,sell,clean
T001196,2026-06-01 10:29:45,SP500-ABOVE-6000-JUN,ACCT018,ACCT036,75,73,buy,clean
T001197,2026-06-01 10:29:48,SP500-ABOVE-6000-JUN,ACCT004,ACCT030,67,4,buy,clean
T001198,2026-06-01 10:29:51,SP500-ABOVE-6000-JUN,ACCT023,ACCT031,36,77,sell,clean
T001199,2026-06-01 10:29:54,PRES-2028-DEM,ACCT025,ACCT029,36,104,sell,clean
T001200,2026-06-01 10:29:57,FED-CUT-JUL26,ACCT029,ACCT002,64,162,buy,clean
T001201,2026-06-01 10:30:00,SP500-ABOVE-6000-JUN,ACCT014,ACCT012,43,101,sell,clean
T001202,2026-06-01 10:30:03,FED-CUT-JUL26,ACCT028,ACCT013,40,59,buy,clean
T001203,2026-06-01 10:30:06,PRES-2028-DEM,ACCT034,ACCT004,46,181,sell,clean
T001204,2026-06-01 10:30:09,FED-CUT-JUL26,ACCT016,ACCT029,19,87,sell,clean
T001205,2026-06-01 10:30:12,FED-CUT-JUL26,ACCT026,ACCT011,28,115,sell,clean
T001206,2026-06-01 10:30:15,SP500-ABOVE-6000-JUN,ACCT017,ACCT023,32,72,sell,clean
T001207,2026-06-01 10:30:18,FED-CUT-JUL26,ACCT039,ACCT017,45,64,sell,clean
T001208,2026-06-01 10:30:21,PRES-2028-DEM,ACCT027,ACCT012,46,155,sell,clean
T001209,2026-06-01 10:30:24,FED-CUT-JUL26,ACCT012,ACCT026,52,163,buy,clean
T001210,2026-06-01 10:30:27,FED-CUT-JUL26,ACCT023,ACCT034,66,166,buy,clean
T001211,2026-06-01 10:30:30,PRES-2028-DEM,ACCT036,ACCT035,45,3,sell,clean
T001212,2026-06-01 10:30:33,PRES-2028-DEM,ACCT029,ACCT008,35,115,sell,clean
T001213,2026-06-01 10:30:36,PRES-2028-DEM,ACCT020,ACCT032,46,42,buy,clean
T001214,2026-06-01 10:30:39,FED-CUT-JUL26,ACCT038,ACCT033,42,141,buy,clean
T001215,2026-06-01 10:30:42,SP500-ABOVE-6000-JUN,ACCT003,ACCT021,40,131,buy,clean
T001216,2026-06-01 10:30:45,PRES-2028-DEM,ACCT012,ACCT009,21,194,sell,clean
T001217,2026-06-01 10:30:48,PRES-2028-DEM,ACCT034,ACCT028,35,102,buy,clean
T001218,2026-06-01 10:30:51,PRES-2028-DEM,ACCT019,ACCT017,51,14,buy,clean
T001219,2026-06-01 10:30:54,PRES-2028-DEM,ACCT012,ACCT011,39,172,sell,clean
T001220,2026-06-01 10:30:57,SP500-ABOVE-6000-JUN,ACCT029,ACCT038,57,59,sell,clean
T001221,2026-06-01 10:31:00,FED-CUT-JUL26,ACCT035,ACCT013,44,161,sell,clean
T001222,2026-06-01 10:31:03,PRES-2028-DEM,ACCT019,ACCT024,58,167,sell,clean
T001223,2026-06-01 10:31:06,SP500-ABOVE-6000-JUN,ACCT035,ACCT028,51,28,buy,clean
T001224,2026-06-01 10:31:09,FED-CUT-JUL26,ACCT026,ACCT032,65,65,buy,clean
T001225,2026-06-01 10:31:12,PRES-2028-DEM,ACCT024,ACCT016,30,118,sell,clean
T001226,2026-06-01 10:31:15,FED-CUT-JUL26,ACCT018,ACCT007,31,159,buy,clean
T001227,2026-06-01 10:31:18,FED-CUT-JUL26,ACCT039,ACCT013,59,109,sell,clean
T001228,2026-06-01 10:31:21,FED-CUT-JUL26,ACCT003,ACCT010,46,53,buy,clean
T001229,2026-06-01 10:31:24,PRES-2028-DEM,ACCT018,ACCT032,60,70,buy,clean
T001230,2026-06-01 10:31:27,PRES-2028-DEM,ACCT016,ACCT007,40,111,sell,clean
T001231,2026-06-01 10:31:30,PRES-2028-DEM,ACCT007,ACCT020,45,69,buy,clean
T001232,2026-06-01 10:31:33,PRES-2028-DEM,ACCT003,ACCT039,56,126,buy,clean
T001233,2026-06-01 10:31:36,FED-CUT-JUL26,ACCT032,ACCT033,38,186,buy,clean
T001234,2026-06-01 10:31:39,FED-CUT-JUL26,ACCT026,ACCT032,70,173,sell,clean
T001235,2026-06-01 10:31:42,PRES-2028-DEM,ACCT019,ACCT011,44,193,buy,clean
T001236,2026-06-01 10:31:45,SP500-ABOVE-6000-JUN,ACCT012,ACCT024,28,147,buy,clean
T001237,2026-06-01 10:31:48,PRES-2028-DEM,ACCT035,ACCT037,55,141,buy,clean
T001238,2026-06-01 10:31:51,SP500-ABOVE-6000-JUN,ACCT026,ACCT038,63,57,sell,clean
T001239,2026-06-01 10:31:54,FED-CUT-JUL26,ACCT012,ACCT015,44,28,sell,clean
T001240,2026-06-01 10:31:57,FED-CUT-JUL26,ACCT022,ACCT016,44,7,buy,clean
T001241,2026-06-01 10:32:00,SP500-ABOVE-6000-JUN,ACCT007,ACCT019,44,170,sell,clean
T001242,2026-06-01 10:32:03,PRES-2028-DEM,ACCT022,ACCT030,30,152,buy,clean
T001243,2026-06-01 10:32:06,PRES-2028-DEM,ACCT019,ACCT033,57,26,sell,clean
T001244,2026-06-01 10:32:09,FED-CUT-JUL26,ACCT003,ACCT034,50,24,buy,clean
T001245,2026-06-01 10:32:12,FED-CUT-JUL26,ACCT018,ACCT033,60,116,buy,clean
T001246,2026-06-01 10:32:15,SP500-ABOVE-6000-JUN,ACCT002,ACCT035,36,179,sell,clean
T001247,2026-06-01 10:32:18,SP500-ABOVE-6000-JUN,ACCT036,ACCT034,56,11,sell,clean
T001248,2026-06-01 10:32:21,PRES-2028-DEM,ACCT015,ACCT033,48,168,buy,clean
T001249,2026-06-01 10:32:24,FED-CUT-JUL26,ACCT040,ACCT034,51,30,buy,clean
T001250,2026-06-01 10:32:27,SP500-ABOVE-6000-JUN,ACCT039,ACCT002,39,6,sell,clean
T001251,2026-06-01 10:32:30,FED-CUT-JUL26,ACCT030,ACCT038,48,171,sell,clean
T001252,2026-06-01 10:32:33,PRES-2028-DEM,ACCT010,ACCT002,58,115,sell,clean
T001253,2026-06-01 10:32:36,SP500-ABOVE-6000-JUN,ACCT014,ACCT040,36,38,sell,clean
T001254,2026-06-01 10:32:39,SP500-ABOVE-6000-JUN,ACCT001,ACCT010,40,78,buy,clean
T001255,2026-06-01 10:32:42,PRES-2028-DEM,ACCT033,ACCT016,59,139,buy,clean
T001256,2026-06-01 10:32:45,PRES-2028-DEM,ACCT033,ACCT035,54,161,sell,clean
T001257,2026-06-01 10:32:48,FED-CUT-JUL26,ACCT003,ACCT023,50,96,sell,clean
T001258,2026-06-01 10:32:51,SP500-ABOVE-6000-JUN,ACCT029,ACCT013,50,20,sell,clean
T001259,2026-06-01 10:32:54,SP500-ABOVE-6000-JUN,ACCT012,ACCT003,41,88,sell,clean
T001260,2026-06-01 10:32:57,FED-CUT-JUL26,ACCT035,ACCT034,31,178,buy,clean
T001261,2026-06-01 10:33:00,FED-CUT-JUL26,ACCT037,ACCT036,46,70,sell,clean
T001262,2026-06-01 10:33:03,FED-CUT-JUL26,ACCT018,ACCT039,61,86,sell,clean
T001263,2026-06-01 10:33:06,PRES-2028-DEM,ACCT011,ACCT021,56,142,sell,clean
T001264,2026-06-01 10:33:09,PRES-2028-DEM,ACCT021,ACCT018,55,47,sell,clean
T001265,2026-06-01 10:33:12,FED-CUT-JUL26,ACCT039,ACCT032,43,65,buy,clean
T001266,2026-06-01 10:33:15,FED-CUT-JUL26,ACCT034,ACCT032,63,131,sell,clean
T001267,2026-06-01 10:33:18,SP500-ABOVE-6000-JUN,ACCT034,ACCT009,38,47,buy,clean
T001268,2026-06-01 10:33:21,FED-CUT-JUL26,ACCT009,ACCT038,43,191,sell,clean
T001269,2026-06-01 10:33:24,PRES-2028-DEM,ACCT024,ACCT020,48,155,sell,clean
T001270,2026-06-01 10:33:27,SP500-ABOVE-6000-JUN,ACCT040,ACCT023,50,99,buy,clean
T001271,2026-06-01 10:33:30,SP500-ABOVE-6000-JUN,ACCT020,ACCT034,56,62,sell,clean
T001272,2026-06-01 10:33:33,PRES-2028-DEM,ACCT018,ACCT022,28,115,buy,clean
T001273,2026-06-01 10:33:36,FED-CUT-JUL26,ACCT031,ACCT012,49,98,buy,clean
T001274,2026-06-01 10:33:39,FED-CUT-JUL26,ACCT030,ACCT036,48,100,sell,clean
T001275,2026-06-01 10:33:42,SP500-ABOVE-6000-JUN,ACCT027,ACCT013,51,104,sell,clean
T001276,2026-06-01 10:33:45,FED-CUT-JUL26,ACCT002,ACCT039,50,6,sell,clean
T001277,2026-06-01 10:33:48,FED-CUT-JUL26,ACCT030,ACCT031,54,59,sell,clean
T001278,2026-06-01 10:33:51,PRES-2028-DEM,ACCT040,ACCT036,32,98,sell,clean
T001279,2026-06-01 10:33:54,PRES-2028-DEM,ACCT008,ACCT038,54,116,buy,clean
T001280,2026-06-01 10:33:57,PRES-2028-DEM,ACCT017,ACCT029,44,24,buy,clean
T001281,2026-06-01 10:34:00,FED-CUT-JUL26,ACCT013,ACCT018,80,20,buy,clean
T001282,2026-06-01 10:34:03,FED-CUT-JUL26,ACCT038,ACCT026,48,63,buy,clean
T001283,2026-06-01 10:34:06,PRES-2028-DEM,ACCT035,ACCT004,44,34,buy,clean
T001284,2026-06-01 10:34:09,PRES-2028-DEM,ACCT010,ACCT018,58,97,buy,clean
T001285,2026-06-01 10:34:12,FED-CUT-JUL26,ACCT028,ACCT038,38,166,sell,clean
T001286,2026-06-01 10:34:15,FED-CUT-JUL26,ACCT013,ACCT035,53,19,sell,clean
T001287,2026-06-01 10:34:18,FED-CUT-JUL26,ACCT026,ACCT002,46,112,buy,clean
T001288,2026-06-01 10:34:21,PRES-2028-DEM,ACCT002,ACCT017,57,183,sell,clean
T001289,2026-06-01 10:34:24,PRES-2028-DEM,ACCT018,ACCT012,71,14,sell,clean
T001290,2026-06-01 10:34:27,FED-CUT-JUL26,ACCT025,ACCT035,46,123,buy,clean
T001291,2026-06-01 10:34:30,SP500-ABOVE-6000-JUN,ACCT013,ACCT001,56,70,buy,clean
T001292,2026-06-01 10:34:33,FED-CUT-JUL26,ACCT028,ACCT024,53,73,sell,clean
