trade_id,timestamp,market_id,buyer,seller,price,quantity,aggressor_side,label
T000001,2026-06-01 09:30:00,SP500-ABOVE-6000-JUN,ACCT008,ACCT002,49,36,buy,clean
T000002,2026-06-01 09:30:03,PRES-2028-DEM,ACCT014,ACCT015,47,51,sell,clean
T000003,2026-06-01 09:30:06,PRES-2028-DEM,ACCT011,ACCT028,46,196,sell,clean
T000004,2026-06-01 09:30:09,FED-CUT-JUL26,ACCT039,ACCT017,56,138,buy,clean
T000005,2026-06-01 09:30:12,SP500-ABOVE-6000-JUN,ACCT040,ACCT024,33,12,buy,clean
T000006,2026-06-01 09:30:15,FED-CUT-JUL26,ACCT018,ACCT030,42,95,sell,clean
T000007,2026-06-01 09:30:18,PRES-2028-DEM,ACCT035,ACCT016,56,164,buy,clean
T000008,2026-06-01 09:30:21,FED-CUT-JUL26,ACCT026,ACCT018,74,146,sell,clean
T000009,2026-06-01 09:30:24,SP500-ABOVE-6000-JUN,ACCT030,ACCT010,49,144,sell,clean
T000010,2026-06-01 09:30:27,PRES-2028-DEM,ACCT033,ACCT032,53,29,buy,clean
T000011,2026-06-01 09:30:30,SP500-ABOVE-6000-JUN,ACCT030,ACCT034,49,3,buy,clean
T000012,2026-06-01 09:30:33,PRES-2028-DEM,ACCT030,ACCT001,73,68,buy,clean
T000013,2026-06-01 09:30:36,PRES-2028-DEM,ACCT024,ACCT011,29,136,buy,clean
T000014,2026-06-01 09:30:39,FED-CUT-JUL26,ACCT020,ACCT016,73,21,buy,clean
T000015,2026-06-01 09:30:42,PRES-2028-DEM,ACCT031,ACCT036,57,156,sell,clean
T000016,2026-06-01 09:30:45,FED-CUT-JUL26,ACCT024,ACCT029,60,64,buy,clean
T000017,2026-06-01 09:30:48,PRES-2028-DEM,ACCT038,ACCT015,68,16,buy,clean
T000018,2026-06-01 09:30:51,PRES-2028-DEM,ACCT018,ACCT032,51,147,sell,clean
T000019,2026-06-01 09:30:54,PRES-2028-DEM,ACCT028,ACCT023,38,187,buy,clean
T000020,2026-06-01 09:30:57,PRES-2028-DEM,ACCT016,ACCT013,54,109,buy,clean
T000021,2026-06-01 09:31:00,PRES-2028-DEM,ACCT029,ACCT036,64,139,buy,clean
T000022,2026-06-01 09:31:03,FED-CUT-JUL26,ACCT014,ACCT026,55,1,sell,clean
T000023,2026-06-01 09:31:06,SP500-ABOVE-6000-JUN,ACCT036,ACCT032,55,15,buy,clean
T000024,2026-06-01 09:31:09,SP500-ABOVE-6000-JUN,ACCT034,ACCT011,63,48,buy,clean
T000025,2026-06-01 09:31:12,SP500-ABOVE-6000-JUN,ACCT016,ACCT038,36,108,sell,clean
T000026,2026-06-01 09:31:15,FED-CUT-JUL26,ACCT009,ACCT020,23,19,buy,clean
T000027,2026-06-01 09:31:18,PRES-2028-DEM,ACCT035,ACCT014,43,90,buy,clean
T000028,2026-06-01 09:31:21,SP500-ABOVE-6000-JUN,ACCT020,ACCT040,71,136,buy,clean
T000029,2026-06-01 09:31:24,PRES-2028-DEM,ACCT036,ACCT010,47,184,sell,clean
T000030,2026-06-01 09:31:27,PRES-2028-DEM,ACCT006,ACCT028,51,86,buy,clean
T000031,2026-06-01 09:31:30,FED-CUT-JUL26,ACCT036,ACCT001,72,177,buy,clean
T000032,2026-06-01 09:31:33,FED-CUT-JUL26,ACCT009,ACCT003,40,11,sell,clean
T000033,2026-06-01 09:31:36,SP500-ABOVE-6000-JUN,ACCT027,ACCT040,49,61,buy,clean
T000034,2026-06-01 09:31:39,FED-CUT-JUL26,ACCT027,ACCT016,47,28,sell,clean
T000035,2026-06-01 09:31:42,FED-CUT-JUL26,ACCT023,ACCT020,60,58,buy,clean
T000036,2026-06-01 09:31:45,PRES-2028-DEM,ACCT018,ACCT023,42,138,sell,clean
T000037,2026-06-01 09:31:48,FED-CUT-JUL26,ACCT003,ACCT007,40,81,sell,clean
T000038,2026-06-01 09:31:51,PRES-2028-DEM,ACCT028,ACCT001,28,176,buy,clean
T000039,2026-06-01 09:31:54,FED-CUT-JUL26,ACCT040,ACCT021,46,77,sell,clean
T000040,2026-06-01 09:31:57,SP500-ABOVE-6000-JUN,ACCT009,ACCT013,24,174,buy,clean
T000041,2026-06-01 09:32:00,FED-CUT-JUL26,ACCT019,ACCT014,35,168,sell,clean
T000042,2026-06-01 09:32:03,SP500-ABOVE-6000-JUN,ACCT031,ACCT011,44,170,sell,clean
T000043,2026-06-01 09:32:06,PRES-2028-DEM,ACCT010,ACCT002,83,157,buy,clean
T000044,2026-06-01 09:32:09,SP500-ABOVE-6000-JUN,ACCT025,ACCT032,44,177,buy,clean
T000045,2026-06-01 09:32:12,SP500-ABOVE-6000-JUN,ACCT034,ACCT030,58,32,sell,clean
T000046,2026-06-01 09:32:15,SP500-ABOVE-6000-JUN,ACCT021,ACCT029,35,130,sell,clean
T000047,2026-06-01 09:32:18,PRES-2028-DEM,ACCT018,ACCT034,41,113,buy,clean
T000048,2026-06-01 09:32:21,SP500-ABOVE-6000-JUN,ACCT006,ACCT009,56,40,buy,clean
T000049,2026-06-01 09:32:24,FED-CUT-JUL26,ACCT027,ACCT004,53,198,buy,clean
T000050,2026-06-01 09:32:27,FED-CUT-JUL26,ACCT025,ACCT027,31,155,buy,clean
T000051,2026-06-01 09:32:30,PRES-2028-DEM,ACCT025,ACCT022,39,186,buy,clean
T000052,2026-06-01 09:32:33,FED-CUT-JUL26,ACCT038,ACCT037,47,110,buy,clean
T000053,2026-06-01 09:32:36,FED-CUT-JUL26,ACCT014,ACCT030,40,98,sell,clean
T000054,2026-06-01 09:32:39,SP500-ABOVE-6000-JUN,ACCT035,ACCT004,61,167,buy,clean
T000055,2026-06-01 09:32:42,PRES-2028-DEM,ACCT040,ACCT010,50,30,buy,clean
T000056,2026-06-01 09:32:45,SP500-ABOVE-6000-JUN,ACCT008,ACCT011,55,7,sell,clean
T000057,2026-06-01 09:32:48,SP500-ABOVE-6000-JUN,ACCT016,ACCT007,46,176,buy,clean
T000058,2026-06-01 09:32:51,FED-CUT-JUL26,ACCT005,ACCT033,48,108,sell,clean
T000059,2026-06-01 09:32:54,FED-CUT-JUL26,ACCT010,ACCT028,56,167,sell,clean
T000060,2026-06-01 09:32:57,SP500-ABOVE-6000-JUN,ACCT018,ACCT021,63,23,sell,clean
T000061,2026-06-01 09:33:00,SP500-ABOVE-6000-JUN,ACCT025,ACCT022,73,47,sell,clean
T000062,2026-06-01 09:33:03,SP500-ABOVE-6000-JUN,ACCT018,ACCT036,79,22,buy,clean
T000063,2026-06-01 09:33:06,SP500-ABOVE-6000-JUN,ACCT031,ACCT032,47,76,buy,clean
T000064,2026-06-01 09:33:09,FED-CUT-JUL26,ACCT031,ACCT036,37,191,sell,clean
T000065,2026-06-01 09:33:12,PRES-2028-DEM,ACCT008,ACCT013,42,196,buy,clean
T000066,2026-06-01 09:33:15,SP500-ABOVE-6000-JUN,ACCT034,ACCT039,48,50,sell,clean
T000067,2026-06-01 09:33:18,SP500-ABOVE-6000-JUN,ACCT035,ACCT009,45,142,sell,clean
T000068,2026-06-01 09:33:21,SP500-ABOVE-6000-JUN,ACCT019,ACCT031,39,14,sell,clean
T000069,2026-06-01 09:33:24,PRES-2028-DEM,ACCT037,ACCT004,62,78,buy,clean
T000070,2026-06-01 09:33:27,SP500-ABOVE-6000-JUN,ACCT039,ACCT040,52,116,sell,clean
T000071,2026-06-01 09:33:30,SP500-ABOVE-6000-JUN,ACCT004,ACCT040,55,196,buy,clean
T000072,2026-06-01 09:33:33,PRES-2028-DEM,ACCT036,ACCT005,56,177,sell,clean
T000073,2026-06-01 09:33:36,FED-CUT-JUL26,ACCT030,ACCT005,39,161,buy,clean
T000074,2026-06-01 09:33:39,PRES-2028-DEM,ACCT018,ACCT010,56,79,sell,clean
T000075,2026-06-01 09:33:42,SP500-ABOVE-6000-JUN,ACCT026,ACCT018,35,21,buy,clean
T000076,2026-06-01 09:33:45,PRES-2028-DEM,ACCT037,ACCT038,95,173,sell,clean
T000077,2026-06-01 09:33:48,FED-CUT-JUL26,ACCT018,ACCT012,62,126,buy,clean
T000078,2026-06-01 09:33:51,SP500-ABOVE-6000-JUN,ACCT007,ACCT011,41,74,sell,clean
T000079,2026-06-01 09:33:54,FED-CUT-JUL26,ACCT008,ACCT026,64,1,sell,clean
T000080,2026-06-01 09:33:57,SP500-ABOVE-6000-JUN,ACCT032,ACCT029,50,141,buy,clean
T000081,2026-06-01 09:34:00,SP500-ABOVE-6000-JUN,ACCT039,ACCT016,47,4,sell,clean
T000082,2026-06-01 09:34:03,PRES-2028-DEM,ACCT010,ACCT032,59,181,sell,clean
T000083,2026-06-01 09:34:06,SP500-ABOVE-6000-JUN,ACCT010,ACCT025,55,192,buy,clean
T000084,2026-06-01 09:34:09,SP500-ABOVE-6000-JUN,ACCT018,ACCT001,47,151,sell,clean
T000085,2026-06-01 09:34:12,FED-CUT-JUL26,ACCT036,ACCT035,30,49,buy,clean
T000086,2026-06-01 09:34:15,SP500-ABOVE-6000-JUN,ACCT031,ACCT025,36,167,buy,clean
T000087,2026-06-01 09:34:18,SP500-ABOVE-6000-JUN,ACCT022,ACCT007,59,135,sell,clean
T000088,2026-06-01 09:34:21,PRES-2028-DEM,ACCT005,ACCT031,51,160,sell,clean
T000089,2026-06-01 09:34:24,FED-CUT-JUL26,ACCT032,ACCT035,54,162,sell,clean
T000090,2026-06-01 09:34:27,SP500-ABOVE-6000-JUN,ACCT007,ACCT029,55,8,buy,clean
T000091,2026-06-01 09:34:30,FED-CUT-JUL26,ACCT010,ACCT016,34,47,buy,clean
T000092,2026-06-01 09:34:33,PRES-2028-DEM,ACCT032,ACCT038,58,66,sell,clean
T000093,2026-06-01 09:34:36,SP500-ABOVE-6000-JUN,ACCT035,ACCT011,75,151,sell,clean
T000094,2026-06-01 09:34:39,PRES-2028-DEM,ACCT025,ACCT031,59,92,sell,clean
T000095,2026-06-01 09:34:42,SP500-ABOVE-6000-JUN,ACCT004,ACCT039,49,74,buy,clean
T000096,2026-06-01 09:34:45,SP500-ABOVE-6000-JUN,ACCT009,ACCT007,64,80,sell,clean
T000097,2026-06-01 09:34:48,PRES-2028-DEM,ACCT019,ACCT021,49,34,sell,clean
T000098,2026-06-01 09:34:51,FED-CUT-JUL26,ACCT019,ACCT022,54,20,buy,clean
T000099,2026-06-01 09:34:54,FED-CUT-JUL26,ACCT001,ACCT017,37,173,sell,clean
T000100,2026-06-01 09:34:57,FED-CUT-JUL26,ACCT002,ACCT040,61,157,buy,clean
T000101,2026-06-01 09:35:00,PRES-2028-DEM,ACCT009,ACCT003,59,127,buy,clean
T000102,2026-06-01 09:35:03,FED-CUT-JUL26,ACCT024,ACCT035,32,40,sell,clean
T000103,2026-06-01 09:35:06,FED-CUT-JUL26,ACCT003,ACCT024,52,61,sell,clean
T000104,2026-06-01 09:35:09,SP500-ABOVE-6000-JUN,ACCT023,ACCT004,43,32,sell,clean
T000105,2026-06-01 09:35:12,FED-CUT-JUL26,ACCT016,ACCT009,51,196,buy,clean
T000106,2026-06-01 09:35:15,SP500-ABOVE-6000-JUN,ACCT001,ACCT018,54,34,sell,clean
T000107,2026-06-01 09:35:18,FED-CUT-JUL26,ACCT016,ACCT038,46,14,buy,clean
T000108,2026-06-01 09:35:21,FED-CUT-JUL26,ACCT029,ACCT024,44,129,buy,clean
T000109,2026-06-01 09:35:24,PRES-2028-DEM,ACCT004,ACCT031,57,28,sell,clean
T000110,2026-06-01 09:35:27,PRES-2028-DEM,ACCT005,ACCT009,47,141,sell,clean
T000111,2026-06-01 09:35:30,SP500-ABOVE-6000-JUN,ACCT039,ACCT028,65,168,buy,clean
T000112,2026-06-01 09:35:33,FED-CUT-JUL26,ACCT026,ACCT027,48,81,sell,clean
T000113,2026-06-01 09:35:36,PRES-2028-DEM,ACCT006,ACCT028,66,34,buy,clean
T000114,2026-06-01 09:35:39,SP500-ABOVE-6000-JUN,ACCT028,ACCT004,65,91,buy,clean
T000115,2026-06-01 09:35:42,PRES-2028-DEM,ACCT023,ACCT036,36,147,buy,clean
T000116,2026-06-01 09:35:45,SP500-ABOVE-6000-JUN,ACCT018,ACCT002,57,80,sell,clean
T000117,2026-06-01 09:35:48,SP500-ABOVE-6000-JUN,ACCT026,ACCT005,60,8,buy,clean
T000118,2026-06-01 09:35:51,PRES-2028-DEM,ACCT024,ACCT020,46,146,buy,clean
T000119,2026-06-01 09:35:54,PRES-2028-DEM,ACCT006,ACCT018,38,156,sell,clean
T000120,2026-06-01 09:35:57,PRES-2028-DEM,ACCT023,ACCT028,63,152,sell,clean
T000121,2026-06-01 09:36:00,SP500-ABOVE-6000-JUN,ACCT004,ACCT001,58,197,buy,clean
T000122,2026-06-01 09:36:03,FED-CUT-JUL26,ACCT028,ACCT012,60,59,sell,clean
T000123,2026-06-01 09:36:06,FED-CUT-JUL26,ACCT005,ACCT021,36,182,sell,clean
T000124,2026-06-01 09:36:09,FED-CUT-JUL26,ACCT011,ACCT040,32,93,buy,clean
T000125,2026-06-01 09:36:12,FED-CUT-JUL26,ACCT034,ACCT006,41,87,buy,clean
T000126,2026-06-01 09:36:15,PRES-2028-DEM,ACCT034,ACCT033,57,90,buy,clean
T000127,2026-06-01 09:36:18,PRES-2028-DEM,ACCT039,ACCT010,51,46,sell,clean
T000128,2026-06-01 09:36:21,SP500-ABOVE-6000-JUN,ACCT040,ACCT021,61,39,sell,clean
T000129,2026-06-01 09:36:24,FED-CUT-JUL26,ACCT038,ACCT004,47,119,sell,clean
T000130,2026-06-01 09:36:27,PRES-2028-DEM,ACCT006,ACCT040,40,149,buy,clean
T000131,2026-06-01 09:36:30,FED-CUT-JUL26,ACCT033,ACCT010,62,88,buy,clean
T000132,2026-06-01 09:36:33,FED-CUT-JUL26,ACCT034,ACCT040,56,73,sell,clean
T000133,2026-06-01 09:36:36,SP500-ABOVE-6000-JUN,ACCT022,ACCT005,42,99,sell,clean
T000134,2026-06-01 09:36:39,SP500-ABOVE-6000-JUN,ACCT010,ACCT023,43,170,sell,clean
T000135,2026-06-01 09:36:42,FED-CUT-JUL26,ACCT022,ACCT009,39,190,buy,clean
T000136,2026-06-01 09:36:45,FED-CUT-JUL26,ACCT012,ACCT014,38,50,buy,clean
T000137,2026-06-01 09:36:48,PRES-2028-DEM,ACCT033,ACCT035,62,10,sell,clean
T000138,2026-06-01 09:36:51,PRES-2028-DEM,ACCT040,ACCT011,49,94,buy,clean
T000139,2026-06-01 09:36:54,FED-CUT-JUL26,ACCT015,ACCT035,52,121,buy,clean
T000140,2026-06-01 09:36:57,FED-CUT-JUL26,ACCT025,ACCT033,19,52,buy,clean
T000141,2026-06-01 09:37:00,SP500-ABOVE-6000-JUN,ACCT007,ACCT034,55,196,buy,clean
T000142,2026-06-01 09:37:03,FED-CUT-JUL26,ACCT006,ACCT015,60,7,sell,clean
T000143,2026-06-01 09:37:06,FED-CUT-JUL26,ACCT006,ACCT024,51,26,sell,clean
T000144,2026-06-01 09:37:09,FED-CUT-JUL26,ACCT009,ACCT031,48,21,buy,clean
T000145,2026-06-01 09:37:12,SP500-ABOVE-6000-JUN,ACCT039,ACCT034,31,61,sell,clean
T000146,2026-06-01 09:37:15,SP500-ABOVE-6000-JUN,ACCT030,ACCT005,69,153,buy,clean
T000147,2026-06-01 09:37:18,SP500-ABOVE-6000-JUN,ACCT023,ACCT016,43,172,buy,clean
T000148,2026-06-01 09:37:21,SP500-ABOVE-6000-JUN,ACCT036,ACCT002,39,163,sell,clean
T000149,2026-06-01 09:37:24,PRES-2028-DEM,ACCT023,ACCT016,48,198,sell,clean
T000150,2026-06-01 09:37:27,SP500-ABOVE-6000-JUN,ACCT012,ACCT030,63,47,buy,clean
T000151,2026-06-01 09:37:30,PRES-2028-DEM,ACCT013,ACCT003,45,102,sell,clean
T000152,2026-06-01 09:37:33,PRES-2028-DEM,ACCT022,ACCT018,58,103,sell,clean
T000153,2026-06-01 09:37:36,FED-CUT-JUL26,ACCT024,ACCT034,49,109,buy,clean
T000154,2026-06-01 09:37:39,FED-CUT-JUL26,ACCT007,ACCT006,45,115,sell,clean
T000155,2026-06-01 09:37:42,SP500-ABOVE-6000-JUN,ACCT023,ACCT040,59,15,buy,clean
T000156,2026-06-01 09:37:45,SP500-ABOVE-6000-JUN,ACCT011,ACCT002,60,113,buy,clean
T000157,2026-06-01 09:37:48,FED-CUT-JUL26,ACCT024,ACCT025,52,40,sell,clean
T000158,2026-06-01 09:37:51,SP500-ABOVE-6000-JUN,ACCT009,ACCT034,43,72,buy,clean
T000159,2026-06-01 09:37:54,FED-CUT-JUL26,ACCT036,ACCT008,49,115,buy,clean
T000160,2026-06-01 09:37:57,PRES-2028-DEM,ACCT029,ACCT012,60,23,sell,clean
T000161,2026-06-01 09:38:00,FED-CUT-JUL26,ACCT011,ACCT012,53,32,buy,clean
T000162,2026-06-01 09:38:03,SP500-ABOVE-6000-JUN,ACCT037,ACCT024,16,34,buy,clean
T000163,2026-06-01 09:38:06,SP500-ABOVE-6000-JUN,ACCT031,ACCT034,39,148,buy,clean
T000164,2026-06-01 09:38:09,SP500-ABOVE-6000-JUN,ACCT034,ACCT023,65,142,buy,clean
T000165,2026-06-01 09:38:12,PRES-2028-DEM,ACCT008,ACCT034,54,83,buy,clean
T000166,2026-06-01 09:38:15,FED-CUT-JUL26,ACCT013,ACCT036,47,158,buy,clean
T000167,2026-06-01 09:38:18,SP500-ABOVE-6000-JUN,ACCT040,ACCT039,35,11,buy,clean
T000168,2026-06-01 09:38:21,PRES-2028-DEM,ACCT037,ACCT027,47,161,sell,clean
T000169,2026-06-01 09:38:24,SP500-ABOVE-6000-JUN,ACCT026,ACCT020,32,41,sell,clean
T000170,2026-06-01 09:38:27,SP500-ABOVE-6000-JUN,ACCT010,ACCT021,56,89,sell,clean
T000171,2026-06-01 09:38:30,FED-CUT-JUL26,ACCT016,ACCT030,59,37,buy,clean
T000172,2026-06-01 09:38:33,FED-CUT-JUL26,ACCT016,ACCT011,60,185,sell,clean
T000173,2026-06-01 09:38:36,FED-CUT-JUL26,ACCT032,ACCT020,44,101,sell,clean
T000174,2026-06-01 09:38:39,PRES-2028-DEM,ACCT019,ACCT032,31,173,sell,clean
T000175,2026-06-01 09:38:42,FED-CUT-JUL26,ACCT009,ACCT017,47,94,buy,clean
T000176,2026-06-01 09:38:45,FED-CUT-JUL26,ACCT036,ACCT019,62,196,sell,clean
T000177,2026-06-01 09:38:48,FED-CUT-JUL26,ACCT036,ACCT024,50,131,sell,clean
T000178,2026-06-01 09:38:51,FED-CUT-JUL26,ACCT031,ACCT034,34,132,buy,clean
T000179,2026-06-01 09:38:54,SP500-ABOVE-6000-JUN,ACCT020,ACCT038,38,137,sell,clean
T000180,2026-06-01 09:38:57,SP500-ABOVE-6000-JUN,ACCT008,ACCT027,31,186,buy,clean
T000181,2026-06-01 09:39:00,SP500-ABOVE-6000-JUN,ACCT004,ACCT038,35,185,sell,clean
T000182,2026-06-01 09:39:03,SP500-ABOVE-6000-JUN,ACCT008,ACCT013,60,39,sell,clean
T000183,2026-06-01 09:39:06,FED-CUT-JUL26,ACCT004,ACCT009,34,170,sell,clean
T000184,2026-06-01 09:39:09,SP500-ABOVE-6000-JUN,ACCT022,ACCT035,37,185,sell,clean
T000185,2026-06-01 09:39:12,FED-CUT-JUL26,ACCT015,ACCT020,52,177,sell,clean
T000186,2026-06-01 09:39:15,SP500-ABOVE-6000-JUN,ACCT018,ACCT019,62,98,sell,clean
T000187,2026-06-01 09:39:18,SP500-ABOVE-6000-JUN,ACCT006,ACCT023,65,192,sell,clean
T000188,2026-06-01 09:39:21,SP500-ABOVE-6000-JUN,ACCT018,ACCT009,65,62,buy,clean
T000189,2026-06-01 09:39:24,PRES-2028-DEM,ACCT007,ACCT027,43,175,buy,clean
T000190,2026-06-01 09:39:27,FED-CUT-JUL26,ACCT031,ACCT013,50,74,buy,clean
T000191,2026-06-01 09:39:30,SP500-ABOVE-6000-JUN,ACCT003,ACCT012,30,10,sell,clean
T000192,2026-06-01 09:39:33,PRES-2028-DEM,ACCT020,ACCT037,27,86,sell,clean
T000193,2026-06-01 09:39:36,PRES-2028-DEM,ACCT033,ACCT030,46,85,buy,clean
T000194,2026-06-01 09:39:39,FED-CUT-JUL26,ACCT019,ACCT037,46,157,sell,clean
T000195,2026-06-01 09:39:42,SP500-ABOVE-6000-JUN,ACCT007,ACCT012,63,64,buy,clean
T000196,2026-06-01 09:39:45,FED-CUT-JUL26,ACCT022,ACCT020,36,67,sell,clean
T000197,2026-06-01 09:39:48,PRES-2028-DEM,ACCT026,ACCT033,72,198,sell,clean
T000198,2026-06-01 09:39:51,PRES-2028-DEM,ACCT009,ACCT031,61,156,sell,clean
T000199,2026-06-01 09:39:54,SP500-ABOVE-6000-JUN,ACCT014,ACCT016,43,21,sell,clean
T000200,2026-06-01 09:39:57,SP500-ABOVE-6000-JUN,ACCT033,ACCT013,43,84,sell,clean
T000201,2026-06-01 09:40:00,SP500-ABOVE-6000-JUN,ACCT029,ACCT004,36,117,buy,clean
T000202,2026-06-01 09:40:03,PRES-2028-DEM,ACCT014,ACCT038,61,180,buy,clean
T000203,2026-06-01 09:40:06,FED-CUT-JUL26,ACCT012,ACCT009,53,166,sell,clean
T000204,2026-06-01 09:40:09,FED-CUT-JUL26,ACCT025,ACCT006,42,139,buy,clean
T000205,2026-06-01 09:40:12,FED-CUT-JUL26,ACCT034,ACCT009,48,1,buy,clean
T000206,2026-06-01 09:40:15,FED-CUT-JUL26,ACCT015,ACCT016,43,49,buy,clean
T000207,2026-06-01 09:40:18,PRES-2028-DEM,ACCT007,ACCT039,65,181,buy,clean
T000208,2026-06-01 09:40:21,SP500-ABOVE-6000-JUN,ACCT014,ACCT004,74,60,sell,clean
T000209,2026-06-01 09:40:24,SP500-ABOVE-6000-JUN,ACCT034,ACCT015,41,143,buy,clean
T000210,2026-06-01 09:40:27,FED-CUT-JUL26,ACCT025,ACCT034,44,39,sell,clean
T000211,2026-06-01 09:40:30,PRES-2028-DEM,ACCT020,ACCT010,59,144,sell,clean
T000212,2026-06-01 09:40:33,PRES-2028-DEM,ACCT017,ACCT014,47,116,sell,clean
T000213,2026-06-01 09:40:36,FED-CUT-JUL26,ACCT039,ACCT003,55,195,buy,clean
T000214,2026-06-01 09:40:39,PRES-2028-DEM,ACCT014,ACCT013,55,194,sell,clean
T000215,2026-06-01 09:40:42,PRES-2028-DEM,ACCT036,ACCT021,51,137,sell,clean
T000216,2026-06-01 09:40:45,FED-CUT-JUL26,ACCT030,ACCT007,56,195,sell,clean
T000217,2026-06-01 09:40:48,SP500-ABOVE-6000-JUN,ACCT015,ACCT010,65,150,sell,clean
T000218,2026-06-01 09:40:51,FED-CUT-JUL26,ACCT037,ACCT016,32,176,sell,clean
T000219,2026-06-01 09:40:54,SP500-ABOVE-6000-JUN,ACCT023,ACCT011,59,48,buy,clean
T000220,2026-06-01 09:40:57,FED-CUT-JUL26,ACCT009,ACCT015,56,56,sell,clean
T000221,2026-06-01 09:41:00,PRES-2028-DEM,ACCT001,ACCT035,48,136,sell,clean
T000222,2026-06-01 09:41:03,SP500-ABOVE-6000-JUN,ACCT028,ACCT012,54,39,buy,clean
T000223,2026-06-01 09:41:06,FED-CUT-JUL26,ACCT018,ACCT026,76,118,buy,clean
T000224,2026-06-01 09:41:09,SP500-ABOVE-6000-JUN,ACCT003,ACCT006,40,122,buy,clean
T000225,2026-06-01 09:41:12,FED-CUT-JUL26,ACCT022,ACCT037,82,136,buy,clean
T000226,2026-06-01 09:41:15,PRES-2028-DEM,ACCT005,ACCT018,62,9,buy,clean
T000227,2026-06-01 09:41:18,SP500-ABOVE-6000-JUN,ACCT026,ACCT005,45,146,sell,clean
T000228,2026-06-01 09:41:21,SP500-ABOVE-6000-JUN,ACCT006,ACCT033,49,26,sell,clean
T000229,2026-06-01 09:41:24,SP500-ABOVE-6000-JUN,ACCT039,ACCT026,60,163,sell,clean
T000230,2026-06-01 09:41:27,FED-CUT-JUL26,ACCT028,ACCT012,42,22,sell,clean
T000231,2026-06-01 09:41:30,FED-CUT-JUL26,ACCT010,ACCT025,47,2,sell,clean
T000232,2026-06-01 09:41:33,PRES-2028-DEM,ACCT012,ACCT028,35,105,buy,clean
T000233,2026-06-01 09:41:36,SP500-ABOVE-6000-JUN,ACCT039,ACCT021,51,106,sell,clean
T000234,2026-06-01 09:41:39,PRES-2028-DEM,ACCT025,ACCT011,56,127,buy,clean
T000235,2026-06-01 09:41:42,FED-CUT-JUL26,ACCT031,ACCT005,31,185,sell,clean
T000236,2026-06-01 09:41:45,PRES-2028-DEM,ACCT026,ACCT022,56,85,sell,clean
T000237,2026-06-01 09:41:48,SP500-ABOVE-6000-JUN,ACCT013,ACCT031,37,82,sell,clean
T000238,2026-06-01 09:41:51,FED-CUT-JUL26,ACCT026,ACCT024,61,152,buy,clean
T000239,2026-06-01 09:41:54,FED-CUT-JUL26,ACCT005,ACCT027,46,78,buy,clean
T000240,2026-06-01 09:41:57,PRES-2028-DEM,ACCT029,ACCT039,37,130,sell,clean
T000241,2026-06-01 09:42:00,PRES-2028-DEM,ACCT007,ACCT016,43,166,buy,clean
T000242,2026-06-01 09:42:03,PRES-2028-DEM,ACCT017,ACCT015,35,149,buy,clean
T000243,2026-06-01 09:42:06,SP500-ABOVE-6000-JUN,ACCT038,ACCT033,74,124,buy,clean
T000244,2026-06-01 09:42:09,SP500-ABOVE-6000-JUN,ACCT010,ACCT023,44,53,sell,clean
T000245,2026-06-01 09:42:12,SP500-ABOVE-6000-JUN,ACCT029,ACCT021,53,182,buy,clean
T000246,2026-06-01 09:42:15,PRES-2028-DEM,ACCT016,ACCT034,53,144,sell,clean
T000247,2026-06-01 09:42:18,PRES-2028-DEM,ACCT028,ACCT026,66,51,sell,clean
T000248,2026-06-01 09:42:21,PRES-2028-DEM,ACCT018,ACCT005,30,138,buy,clean
T000249,2026-06-01 09:42:24,FED-CUT-JUL26,ACCT032,ACCT034,60,100,sell,clean
T000250,2026-06-01 09:42:27,SP500-ABOVE-6000-JUN,ACCT012,ACCT020,63,173,buy,clean
T000251,2026-06-01 09:42:30,PRES-2028-DEM,ACCT024,ACCT010,37,36,sell,clean
T000252,2026-06-01 09:42:33,SP500-ABOVE-6000-JUN,ACCT012,ACCT036,54,48,sell,clean
T000253,2026-06-01 09:42:36,PRES-2028-DEM,ACCT032,ACCT009,53,144,sell,clean
T000254,2026-06-01 09:42:39,FED-CUT-JUL26,ACCT032,ACCT011,52,195,buy,clean
T000255,2026-06-01 09:42:42,FED-CUT-JUL26,ACCT011,ACCT030,31,127,buy,clean
T000256,2026-06-01 09:42:45,FED-CUT-JUL26,ACCT035,ACCT003,50,56,sell,clean
T000257,2026-06-01 09:42:48,PRES-2028-DEM,ACCT029,ACCT017,37,113,buy,clean
T000258,2026-06-01 09:42:51,SP500-ABOVE-6000-JUN,ACCT028,ACCT011,34,53,buy,clean
T000259,2026-06-01 09:42:54,PRES-2028-DEM,ACCT021,ACCT019,47,132,buy,clean
T000260,2026-06-01 09:42:57,SP500-ABOVE-6000-JUN,ACCT009,ACCT016,56,64,sell,clean
T000261,2026-06-01 09:43:00,SP500-ABOVE-6000-JUN,ACCT027,ACCT025,33,197,buy,clean
T000262,2026-06-01 09:43:03,FED-CUT-JUL26,ACCT030,ACCT032,49,199,buy,clean
T000263,2026-06-01 09:43:06,FED-CUT-JUL26,ACCT014,ACCT028,56,83,sell,clean
T000264,2026-06-01 09:43:09,FED-CUT-JUL26,ACCT022,ACCT004,66,118,buy,clean
T000265,2026-06-01 09:43:12,FED-CUT-JUL26,ACCT013,ACCT009,57,71,buy,clean
T000266,2026-06-01 09:43:15,SP500-ABOVE-6000-JUN,ACCT011,ACCT004,41,180,buy,clean
T000267,2026-06-01 09:43:18,FED-CUT-JUL26,ACCT005,ACCT009,37,114,buy,clean
T000268,2026-06-01 09:43:21,FED-CUT-JUL26,ACCT009,ACCT031,60,188,buy,clean
T000269,2026-06-01 09:43:24,PRES-2028-DEM,ACCT025,ACCT009,38,18,buy,clean
T000270,2026-06-01 09:43:27,SP500-ABOVE-6000-JUN,ACCT010,ACCT027,40,56,buy,clean
T000271,2026-06-01 09:43:30,FED-CUT-JUL26,ACCT023,ACCT028,47,71,buy,clean
T000272,2026-06-01 09:43:33,SP500-ABOVE-6000-JUN,ACCT002,ACCT020,54,49,sell,clean
T000273,2026-06-01 09:43:36,PRES-2028-DEM,ACCT016,ACCT032,47,4,sell,clean
T000274,2026-06-01 09:43:39,SP500-ABOVE-6000-JUN,ACCT027,ACCT024,42,121,buy,clean
T000275,2026-06-01 09:43:42,PRES-2028-DEM,ACCT003,ACCT004,61,74,sell,clean
T000276,2026-06-01 09:43:45,SP500-ABOVE-6000-JUN,ACCT040,ACCT010,48,131,buy,clean
T000277,2026-06-01 09:43:48,SP500-ABOVE-6000-JUN,ACCT005,ACCT020,43,62,buy,clean
T000278,2026-06-01 09:43:51,SP500-ABOVE-6000-JUN,ACCT039,ACCT004,42,190,buy,clean
T000279,2026-06-01 09:43:54,PRES-2028-DEM,ACCT032,ACCT023,29,185,sell,clean
T000280,2026-06-01 09:43:57,FED-CUT-JUL26,ACCT008,ACCT002,43,135,buy,clean
T000281,2026-06-01 09:44:00,SP500-ABOVE-6000-JUN,ACCT024,ACCT004,34,95,buy,clean
T000282,2026-06-01 09:44:03,PRES-2028-DEM,ACCT015,ACCT033,73,4,buy,clean
T000283,2026-06-01 09:44:06,PRES-2028-DEM,ACCT012,ACCT003,24,190,sell,clean
T000284,2026-06-01 09:44:09,SP500-ABOVE-6000-JUN,ACCT021,ACCT018,57,31,buy,clean
T000285,2026-06-01 09:44:12,FED-CUT-JUL26,ACCT005,ACCT030,63,80,sell,clean
T000286,2026-06-01 09:44:15,PRES-2028-DEM,ACCT019,ACCT037,54,63,sell,clean
T000287,2026-06-01 09:44:18,PRES-2028-DEM,ACCT035,ACCT016,66,7,buy,clean
T000288,2026-06-01 09:44:21,SP500-ABOVE-6000-JUN,ACCT025,ACCT020,61,61,sell,clean
T000289,2026-06-01 09:44:24,PRES-2028-DEM,ACCT003,ACCT015,61,180,sell,clean
T000290,2026-06-01 09:44:27,PRES-2028-DEM,ACCT026,ACCT005,46,170,buy,clean
T000291,2026-06-01 09:44:30,FED-CUT-JUL26,ACCT021,ACCT029,49,52,buy,clean
T000292,2026-06-01 09:44:33,FED-CUT-JUL26,ACCT021,ACCT027,58,198,buy,clean
T000293,2026-06-01 09:44:36,PRES-2028-DEM,ACCT006,ACCT011,53,181,buy,clean
T000294,2026-06-01 09:44:39,PRES-2028-DEM,ACCT023,ACCT026,32,67,buy,clean
T000295,2026-06-01 09:44:42,SP500-ABOVE-6000-JUN,ACCT016,ACCT007,28,36,buy,clean
T000296,2026-06-01 09:44:45,FED-CUT-JUL26,ACCT024,ACCT006,41,20,buy,clean
T000297,2026-06-01 09:44:48,PRES-2028-DEM,ACCT022,ACCT008,62,44,sell,clean
T000298,2026-06-01 09:44:51,FED-CUT-JUL26,ACCT012,ACCT023,51,72,sell,clean
T000299,2026-06-01 09:44:54,FED-CUT-JUL26,ACCT027,ACCT036,44,99,buy,clean
T000300,2026-06-01 09:44:57,SP500-ABOVE-6000-JUN,ACCT002,ACCT025,52,140,sell,clean
T000301,2026-06-01 09:45:00,FED-CUT-JUL26,ACCT012,ACCT002,46,200,sell,clean
T000302,2026-06-01 09:45:03,SP500-ABOVE-6000-JUN,ACCT015,ACCT011,64,69,buy,clean
T000303,2026-06-01 09:45:06,PRES-2028-DEM,ACCT012,ACCT016,31,179,sell,clean
T000304,2026-06-01 09:45:09,SP500-ABOVE-6000-JUN,ACCT013,ACCT032,42,10,buy,clean
T000305,2026-06-01 09:45:12,FED-CUT-JUL26,ACCT001,ACCT022,57,34,sell,clean
T000306,2026-06-01 09:45:15,SP500-ABOVE-6000-JUN,ACCT010,ACCT008,63,19,sell,clean
T000307,2026-06-01 09:45:18,FED-CUT-JUL26,ACCT009,ACCT011,48,164,sell,clean
T000308,2026-06-01 09:45:21,SP500-ABOVE-6000-JUN,ACCT023,ACCT015,38,97,sell,clean
T000309,2026-06-01 09:45:24,SP500-ABOVE-6000-JUN,ACCT037,ACCT026,62,146,buy,clean
T000310,2026-06-01 09:45:27,SP500-ABOVE-6000-JUN,ACCT015,ACCT037,61,85,buy,clean
T000311,2026-06-01 09:45:30,PRES-2028-DEM,ACCT022,ACCT029,58,178,buy,clean
T000312,2026-06-01 09:45:33,PRES-2028-DEM,ACCT025,ACCT029,46,106,sell,clean
T000313,2026-06-01 09:45:36,FED-CUT-JUL26,ACCT037,ACCT015,52,9,sell,clean
T000314,2026-06-01 09:45:39,PRES-2028-DEM,ACCT022,ACCT011,55,20,buy,clean
T000315,2026-06-01 09:45:42,FED-CUT-JUL26,ACCT011,ACCT039,55,26,sell,clean
T000316,2026-06-01 09:45:45,SP500-ABOVE-6000-JUN,ACCT035,ACCT017,44,25,buy,clean
T000317,2026-06-01 09:45:48,PRES-2028-DEM,ACCT004,ACCT024,55,170,sell,clean
T000318,2026-06-01 09:45:51,SP500-ABOVE-6000-JUN,ACCT019,ACCT006,44,102,sell,clean
T000319,2026-06-01 09:45:54,FED-CUT-JUL26,ACCT012,ACCT024,58,115,buy,clean
T000320,2026-06-01 09:45:57,FED-CUT-JUL26,ACCT037,ACCT004,60,25,buy,clean
T000321,2026-06-01 09:46:00,SP500-ABOVE-6000-JUN,ACCT015,ACCT036,61,134,sell,clean
T000322,2026-06-01 09:46:03,PRES-2028-DEM,ACCT026,ACCT003,24,147,buy,clean
T000323,2026-06-01 09:46:06,PRES-2028-DEM,ACCT014,ACCT013,58,175,sell,clean
T000324,2026-06-01 09:46:09,SP500-ABOVE-6000-JUN,ACCT005,ACCT006,40,84,sell,clean
T000325,2026-06-01 09:46:12,PRES-2028-DEM,ACCT027,ACCT010,59,195,buy,clean
T000326,2026-06-01 09:46:15,SP500-ABOVE-6000-JUN,ACCT023,ACCT027,48,147,sell,clean
T000327,2026-06-01 09:46:18,SP500-ABOVE-6000-JUN,ACCT039,ACCT026,74,85,buy,clean
T000328,2026-06-01 09:46:21,PRES-2028-DEM,ACCT022,ACCT020,41,179,buy,clean
T000329,2026-06-01 09:46:24,FED-CUT-JUL26,ACCT021,ACCT018,47,23,buy,clean
T000330,2026-06-01 09:46:27,SP500-ABOVE-6000-JUN,ACCT024,ACCT004,42,80,sell,clean
T000331,2026-06-01 09:46:30,PRES-2028-DEM,ACCT013,ACCT004,50,93,buy,clean
T000332,2026-06-01 09:46:33,SP500-ABOVE-6000-JUN,ACCT008,ACCT002,50,115,buy,clean
T000333,2026-06-01 09:46:36,PRES-2028-DEM,ACCT017,ACCT006,47,42,buy,clean
T000334,2026-06-01 09:46:39,FED-CUT-JUL26,ACCT033,ACCT002,70,175,buy,clean
T000335,2026-06-01 09:46:42,PRES-2028-DEM,ACCT015,ACCT017,27,183,sell,clean
T000336,2026-06-01 09:46:45,PRES-2028-DEM,ACCT030,ACCT020,40,102,buy,clean
T000337,2026-06-01 09:46:48,SP500-ABOVE-6000-JUN,ACCT039,ACCT019,48,17,sell,clean
T000338,2026-06-01 09:46:51,SP500-ABOVE-6000-JUN,ACCT020,ACCT013,62,15,sell,clean
T000339,2026-06-01 09:46:54,FED-CUT-JUL26,ACCT017,ACCT027,33,150,buy,clean
T000340,2026-06-01 09:46:57,FED-CUT-JUL26,ACCT023,ACCT033,47,169,buy,clean
T000341,2026-06-01 09:47:00,FED-CUT-JUL26,ACCT036,ACCT012,74,168,buy,clean
T000342,2026-06-01 09:47:03,FED-CUT-JUL26,ACCT027,ACCT022,38,119,buy,clean
T000343,2026-06-01 09:47:06,SP500-ABOVE-6000-JUN,ACCT005,ACCT031,60,175,sell,clean
T000344,2026-06-01 09:47:09,PRES-2028-DEM,ACCT009,ACCT013,30,118,buy,clean
T000345,2026-06-01 09:47:12,SP500-ABOVE-6000-JUN,ACCT012,ACCT021,49,71,buy,clean
T000346,2026-06-01 09:47:15,PRES-2028-DEM,ACCT009,ACCT040,38,110,sell,clean
T000347,2026-06-01 09:47:18,SP500-ABOVE-6000-JUN,ACCT024,ACCT001,65,136,buy,clean
T000348,2026-06-01 09:47:21,FED-CUT-JUL26,ACCT020,ACCT009,61,79,buy,clean
T000349,2026-06-01 09:47:24,FED-CUT-JUL26,ACCT034,ACCT039,37,176,buy,clean
T000350,2026-06-01 09:47:27,PRES-2028-DEM,ACCT026,ACCT002,52,34,buy,clean
T000351,2026-06-01 09:47:30,FED-CUT-JUL26,ACCT003,ACCT025,56,137,buy,clean
T000352,2026-06-01 09:47:33,PRES-2028-DEM,ACCT027,ACCT029,38,122,buy,clean
T000353,2026-06-01 09:47:36,PRES-2028-DEM,ACCT034,ACCT018,36,108,buy,clean
T000354,2026-06-01 09:47:39,FED-CUT-JUL26,ACCT013,ACCT039,52,134,buy,clean
T000355,2026-06-01 09:47:42,SP500-ABOVE-6000-JUN,ACCT032,ACCT014,44,61,buy,clean
T000356,2026-06-01 09:47:45,SP500-ABOVE-6000-JUN,ACCT032,ACCT010,69,20,buy,clean
T000357,2026-06-01 09:47:48,FED-CUT-JUL26,ACCT017,ACCT030,70,11,sell,clean
T000358,2026-06-01 09:47:51,PRES-2028-DEM,ACCT003,ACCT001,60,44,sell,clean
T000359,2026-06-01 09:47:54,PRES-2028-DEM,ACCT024,ACCT022,54,117,sell,clean
T000360,2026-06-01 09:47:57,PRES-2028-DEM,ACCT008,ACCT009,48,41,buy,clean
T000361,2026-06-01 09:48:00,SP500-ABOVE-6000-JUN,ACCT029,ACCT012,34,157,buy,clean
T000362,2026-06-01 09:48:03,FED-CUT-JUL26,ACCT029,ACCT003,66,4,buy,clean
T000363,2026-06-01 09:48:06,SP500-ABOVE-6000-JUN,ACCT007,ACCT028,45,89,sell,clean
T000364,2026-06-01 09:48:09,PRES-2028-DEM,ACCT033,ACCT031,64,20,sell,clean
T000365,2026-06-01 09:48:12,PRES-2028-DEM,ACCT033,ACCT015,38,61,buy,clean
T000366,2026-06-01 09:48:15,FED-CUT-JUL26,ACCT029,ACCT021,60,168,buy,clean
T000367,2026-06-01 09:48:18,SP500-ABOVE-6000-JUN,ACCT001,ACCT006,58,164,sell,clean
T000368,2026-06-01 09:48:21,PRES-2028-DEM,ACCT015,ACCT030,39,154,sell,clean
T000369,2026-06-01 09:48:24,SP500-ABOVE-6000-JUN,ACCT015,ACCT001,37,75,sell,clean
T000370,2026-06-01 09:48:27,SP500-ABOVE-6000-JUN,ACCT027,ACCT007,49,31,sell,clean
T000371,2026-06-01 09:48:30,PRES-2028-DEM,ACCT027,ACCT003,70,151,buy,clean
T000372,2026-06-01 09:48:33,FED-CUT-JUL26,ACCT001,ACCT034,48,111,sell,clean
T000373,2026-06-01 09:48:36,PRES-2028-DEM,ACCT007,ACCT025,41,83,sell,clean
T000374,2026-06-01 09:48:39,FED-CUT-JUL26,ACCT019,ACCT029,52,155,sell,clean
T000375,2026-06-01 09:48:42,SP500-ABOVE-6000-JUN,ACCT019,ACCT023,55,182,buy,clean
T000376,2026-06-01 09:48:45,SP500-ABOVE-6000-JUN,ACCT037,ACCT027,38,137,sell,clean
T000377,2026-06-01 09:48:48,FED-CUT-JUL26,ACCT010,ACCT004,46,193,buy,clean
T000378,2026-06-01 09:48:51,SP500-ABOVE-6000-JUN,ACCT019,ACCT014,50,116,buy,clean
T000379,2026-06-01 09:48:54,SP500-ABOVE-6000-JUN,ACCT019,ACCT004,60,176,sell,clean
T000380,2026-06-01 09:48:57,FED-CUT-JUL26,ACCT015,ACCT024,50,155,buy,clean
T000381,2026-06-01 09:49:00,SP500-ABOVE-6000-JUN,ACCT005,ACCT012,69,31,sell,clean
T000382,2026-06-01 09:49:03,PRES-2028-DEM,ACCT011,ACCT038,50,120,buy,clean
T000383,2026-06-01 09:49:06,SP500-ABOVE-6000-JUN,ACCT040,ACCT020,34,92,buy,clean
T000384,2026-06-01 09:49:09,SP500-ABOVE-6000-JUN,ACCT005,ACCT033,58,104,buy,clean
T000385,2026-06-01 09:49:12,FED-CUT-JUL26,ACCT024,ACCT019,53,136,sell,clean
T000386,2026-06-01 09:49:15,SP500-ABOVE-6000-JUN,ACCT040,ACCT016,67,83,sell,clean
T000387,2026-06-01 09:49:18,FED-CUT-JUL26,ACCT002,ACCT034,55,131,sell,clean
T000388,2026-06-01 09:49:21,PRES-2028-DEM,ACCT021,ACCT033,54,198,buy,clean
T000389,2026-06-01 09:49:24,FED-CUT-JUL26,ACCT007,ACCT014,31,190,sell,clean
T000390,2026-06-01 09:49:27,FED-CUT-JUL26,ACCT003,ACCT006,56,65,buy,clean
T000391,2026-06-01 09:49:30,SP500-ABOVE-6000-JUN,ACCT026,ACCT028,45,31,buy,clean
T000392,2026-06-01 09:49:33,PRES-2028-DEM,ACCT023,ACCT033,66,78,buy,clean
T000393,2026-06-01 09:49:36,SP500-ABOVE-6000-JUN,ACCT002,ACCT031,54,192,sell,clean
T000394,2026-06-01 09:49:39,SP500-ABOVE-6000-JUN,ACCT024,ACCT001,35,32,buy,clean
T000395,2026-06-01 09:49:42,PRES-2028-DEM,ACCT020,ACCT014,49,89,buy,clean
T000396,2026-06-01 09:49:45,PRES-2028-DEM,ACCT040,ACCT017,52,146,buy,clean
T000397,2026-06-01 09:49:48,PRES-2028-DEM,ACCT017,ACCT007,55,85,sell,clean
T000398,2026-06-01 09:49:51,PRES-2028-DEM,ACCT013,ACCT021,39,169,sell,clean
T000399,2026-06-01 09:49:54,FED-CUT-JUL26,ACCT028,ACCT011,59,57,sell,clean
T000400,2026-06-01 09:49:57,FED-CUT-JUL26,ACCT031,ACCT030,30,125,buy,clean
T000401,2026-06-01 09:50:00,PRES-2028-DEM,ACCT035,ACCT013,47,20,buy,clean
T000402,2026-06-01 09:50:03,SP500-ABOVE-6000-JUN,ACCT026,ACCT038,50,67,sell,clean
T000403,2026-06-01 09:50:06,SP500-ABOVE-6000-JUN,ACCT019,ACCT009,36,102,sell,clean
T000404,2026-06-01 09:50:09,PRES-2028-DEM,ACCT029,ACCT011,62,169,buy,clean
T000405,2026-06-01 09:50:12,FED-CUT-JUL26,ACCT015,ACCT005,49,172,buy,clean
T000406,2026-06-01 09:50:15,PRES-2028-DEM,ACCT003,ACCT021,75,163,sell,clean
T000407,2026-06-01 09:50:18,FED-CUT-JUL26,ACCT025,ACCT024,28,20,sell,clean
T000408,2026-06-01 09:50:21,FED-CUT-JUL26,ACCT032,ACCT031,51,36,sell,clean
T000409,2026-06-01 09:50:24,FED-CUT-JUL26,ACCT014,ACCT010,54,184,buy,clean
T000410,2026-06-01 09:50:27,FED-CUT-JUL26,ACCT031,ACCT014,35,106,buy,clean
T000411,2026-06-01 09:50:30,PRES-2028-DEM,ACCT009,ACCT033,65,15,buy,clean
T000412,2026-06-01 09:50:33,SP500-ABOVE-6000-JUN,ACCT037,ACCT002,63,73,buy,clean
T000413,2026-06-01 09:50:36,PRES-2028-DEM,ACCT015,ACCT027,32,197,buy,clean
T000414,2026-06-01 09:50:39,SP500-ABOVE-6000-JUN,ACCT038,ACCT005,51,28,buy,clean
T000415,2026-06-01 09:50:42,PRES-2028-DEM,ACCT039,ACCT007,61,154,buy,clean
T000416,2026-06-01 09:50:45,SP500-ABOVE-6000-JUN,ACCT035,ACCT001,66,167,sell,clean
T000417,2026-06-01 09:50:48,FED-CUT-JUL26,ACCT015,ACCT031,52,151,buy,clean
T000418,2026-06-01 09:50:51,PRES-2028-DEM,ACCT006,ACCT019,37,66,buy,clean
T000419,2026-06-01 09:50:54,SP500-ABOVE-6000-JUN,ACCT001,ACCT025,39,81,sell,clean
T000420,2026-06-01 09:50:57,SP500-ABOVE-6000-JUN,ACCT017,ACCT035,39,71,sell,clean
T000421,2026-06-01 09:51:00,FED-CUT-JUL26,ACCT012,ACCT024,37,79,sell,clean
T000422,2026-06-01 09:51:03,FED-CUT-JUL26,ACCT011,ACCT007,52,87,buy,clean
T000423,2026-06-01 09:51:06,PRES-2028-DEM,ACCT031,ACCT039,45,57,sell,clean
T000424,2026-06-01 09:51:09,FED-CUT-JUL26,ACCT040,ACCT034,42,15,buy,clean
T000425,2026-06-01 09:51:12,SP500-ABOVE-6000-JUN,ACCT034,ACCT019,57,131,buy,clean
T000426,2026-06-01 09:51:15,PRES-2028-DEM,ACCT011,ACCT006,70,91,sell,clean
T000427,2026-06-01 09:51:18,SP500-ABOVE-6000-JUN,ACCT005,ACCT006,31,144,sell,clean
T000428,2026-06-01 09:51:21,PRES-2028-DEM,ACCT030,ACCT026,41,105,buy,clean
T000429,2026-06-01 09:51:24,PRES-2028-DEM,ACCT033,ACCT017,65,148,sell,clean
T000430,2026-06-01 09:51:27,PRES-2028-DEM,ACCT022,ACCT030,39,8,sell,clean
T000431,2026-06-01 09:51:30,PRES-2028-DEM,ACCT015,ACCT021,40,138,buy,clean
T000432,2026-06-01 09:51:33,SP500-ABOVE-6000-JUN,ACCT022,ACCT005,42,81,sell,clean
T000433,2026-06-01 09:51:36,SP500-ABOVE-6000-JUN,ACCT013,ACCT032,49,62,sell,clean
T000434,2026-06-01 09:51:39,SP500-ABOVE-6000-JUN,ACCT023,ACCT010,51,21,sell,clean
T000435,2026-06-01 09:51:42,FED-CUT-JUL26,ACCT040,ACCT021,15,148,sell,clean
T000436,2026-06-01 09:51:45,PRES-2028-DEM,ACCT037,ACCT009,70,123,buy,clean
T000437,2026-06-01 09:51:48,PRES-2028-DEM,ACCT034,ACCT030,49,173,buy,clean
T000438,2026-06-01 09:51:51,SP500-ABOVE-6000-JUN,ACCT017,ACCT012,41,121,sell,clean
T000439,2026-06-01 09:51:54,FED-CUT-JUL26,ACCT024,ACCT026,48,34,buy,clean
T000440,2026-06-01 09:51:57,FED-CUT-JUL26,ACCT013,ACCT010,56,122,buy,clean
T000441,2026-06-01 09:52:00,SP500-ABOVE-6000-JUN,ACCT034,ACCT035,46,77,sell,clean
T000442,2026-06-01 09:52:03,PRES-2028-DEM,ACCT014,ACCT017,33,116,sell,clean
T000443,2026-06-01 09:52:06,FED-CUT-JUL26,ACCT023,ACCT002,40,174,buy,clean
T000444,2026-06-01 09:52:09,SP500-ABOVE-6000-JUN,ACCT032,ACCT029,59,74,sell,clean
T000445,2026-06-01 09:52:12,SP500-ABOVE-6000-JUN,ACCT037,ACCT026,52,42,sell,clean
T000446,2026-06-01 09:52:15,SP500-ABOVE-6000-JUN,ACCT018,ACCT039,44,114,sell,clean
T000447,2026-06-01 09:52:18,PRES-2028-DEM,ACCT009,ACCT016,35,180,buy,clean
T000448,2026-06-01 09:52:21,PRES-2028-DEM,ACCT031,ACCT036,69,135,buy,clean
T000449,2026-06-01 09:52:24,FED-CUT-JUL26,ACCT020,ACCT015,50,161,buy,clean
T000450,2026-06-01 09:52:27,SP500-ABOVE-6000-JUN,ACCT023,ACCT021,58,139,sell,clean
T000451,2026-06-01 09:52:30,SP500-ABOVE-6000-JUN,ACCT030,ACCT037,34,137,sell,clean
T000452,2026-06-01 09:52:33,PRES-2028-DEM,ACCT029,ACCT020,43,78,buy,clean
T000453,2026-06-01 09:52:36,FED-CUT-JUL26,ACCT035,ACCT001,44,194,sell,clean
T000454,2026-06-01 09:52:39,SP500-ABOVE-6000-JUN,ACCT015,ACCT001,42,144,sell,clean
T000455,2026-06-01 09:52:42,SP500-ABOVE-6000-JUN,ACCT025,ACCT015,48,62,sell,clean
T000456,2026-06-01 09:52:45,PRES-2028-DEM,ACCT012,ACCT009,45,159,sell,clean
T000457,2026-06-01 09:52:48,PRES-2028-DEM,ACCT010,ACCT004,52,27,sell,clean
T000458,2026-06-01 09:52:51,PRES-2028-DEM,ACCT006,ACCT010,58,108,sell,clean
T000459,2026-06-01 09:52:54,PRES-2028-DEM,ACCT022,ACCT006,66,15,sell,clean
T000460,2026-06-01 09:52:57,PRES-2028-DEM,ACCT017,ACCT025,52,197,buy,clean
T000461,2026-06-01 09:53:00,PRES-2028-DEM,ACCT013,ACCT030,49,171,buy,clean
T000462,2026-06-01 09:53:03,PRES-2028-DEM,ACCT003,ACCT036,40,164,sell,clean
T000463,2026-06-01 09:53:06,PRES-2028-DEM,ACCT008,ACCT016,42,43,sell,clean
T000464,2026-06-01 09:53:09,PRES-2028-DEM,ACCT038,ACCT031,47,198,buy,clean
T000465,2026-06-01 09:53:12,SP500-ABOVE-6000-JUN,ACCT022,ACCT004,66,180,buy,clean
T000466,2026-06-01 09:53:15,SP500-ABOVE-6000-JUN,ACCT023,ACCT029,49,97,sell,clean
T000467,2026-06-01 09:53:18,FED-CUT-JUL26,ACCT036,ACCT019,36,146,buy,clean
T000468,2026-06-01 09:53:21,SP500-ABOVE-6000-JUN,ACCT036,ACCT011,56,76,sell,clean
T000469,2026-06-01 09:53:24,SP500-ABOVE-6000-JUN,ACCT025,ACCT012,62,94,buy,clean
T000470,2026-06-01 09:53:27,PRES-2028-DEM,ACCT034,ACCT032,50,73,sell,clean
T000471,2026-06-01 09:53:30,SP500-ABOVE-6000-JUN,ACCT005,ACCT003,53,9,buy,clean
T000472,2026-06-01 09:53:33,SP500-ABOVE-6000-JUN,ACCT025,ACCT032,31,66,buy,clean
T000473,2026-06-01 09:53:36,PRES-2028-DEM,ACCT032,ACCT006,33,93,sell,clean
T000474,2026-06-01 09:53:39,SP500-ABOVE-6000-JUN,ACCT005,ACCT020,57,133,buy,clean
T000475,2026-06-01 09:53:42,PRES-2028-DEM,ACCT034,ACCT016,23,143,sell,clean
T000476,2026-06-01 09:53:45,SP500-ABOVE-6000-JUN,ACCT028,ACCT007,53,103,sell,clean
T000477,2026-06-01 09:53:48,FED-CUT-JUL26,ACCT036,ACCT021,56,163,sell,clean
T000478,2026-06-01 09:53:51,PRES-2028-DEM,ACCT025,ACCT036,58,116,sell,clean
T000479,2026-06-01 09:53:54,SP500-ABOVE-6000-JUN,ACCT002,ACCT034,66,2,sell,clean
T000480,2026-06-01 09:53:57,SP500-ABOVE-6000-JUN,ACCT018,ACCT036,34,147,buy,clean
T000481,2026-06-01 09:54:00,PRES-2028-DEM,ACCT017,ACCT024,56,66,sell,clean
T000482,2026-06-01 09:54:03,PRES-2028-DEM,ACCT005,ACCT021,51,177,buy,clean
T000483,2026-06-01 09:54:06,PRES-2028-DEM,ACCT022,ACCT023,59,31,buy,clean
T000484,2026-06-01 09:54:09,PRES-2028-DEM,ACCT021,ACCT035,40,179,buy,clean
T000485,2026-06-01 09:54:12,SP500-ABOVE-6000-JUN,ACCT037,ACCT033,60,101,buy,clean
T000486,2026-06-01 09:54:15,SP500-ABOVE-6000-JUN,ACCT004,ACCT036,45,129,sell,clean
T000487,2026-06-01 09:54:18,FED-CUT-JUL26,ACCT026,ACCT037,55,189,buy,clean
T000488,2026-06-01 09:54:21,FED-CUT-JUL26,ACCT037,ACCT006,59,94,sell,clean
T000489,2026-06-01 09:54:24,PRES-2028-DEM,ACCT020,ACCT011,66,114,buy,clean
T000490,2026-06-01 09:54:27,FED-CUT-JUL26,ACCT010,ACCT006,53,159,buy,clean
T000491,2026-06-01 09:54:30,PRES-2028-DEM,ACCT020,ACCT029,39,190,buy,clean
T000492,2026-06-01 09:54:33,SP500-ABOVE-6000-JUN,ACCT031,ACCT040,49,179,buy,clean
T000493,2026-06-01 09:54:36,PRES-2028-DEM,ACCT004,ACCT019,55,70,buy,clean
T000494,2026-06-01 09:54:39,FED-CUT-JUL26,ACCT024,ACCT007,73,167,sell,clean
T000495,2026-06-01 09:54:42,PRES-2028-DEM,ACCT021,ACCT032,59,48,buy,clean
T000496,2026-06-01 09:54:45,SP500-ABOVE-6000-JUN,ACCT020,ACCT022,30,5,sell,clean
T000497,2026-06-01 09:54:48,SP500-ABOVE-6000-JUN,ACCT018,ACCT004,32,8,sell,clean
T000498,2026-06-01 09:54:51,SP500-ABOVE-6000-JUN,ACCT009,ACCT006,48,174,buy,clean
T000499,2026-06-01 09:54:54,FED-CUT-JUL26,ACCT039,ACCT022,43,168,buy,clean
T000500,2026-06-01 09:54:57,SP500-ABOVE-6000-JUN,ACCT009,ACCT028,82,38,buy,clean
T000501,2026-06-01 09:55:00,SP500-ABOVE-6000-JUN,ACCT008,ACCT012,39,187,buy,clean
T000502,2026-06-01 09:55:03,SP500-ABOVE-6000-JUN,ACCT018,ACCT010,51,48,buy,clean
T000503,2026-06-01 09:55:06,SP500-ABOVE-6000-JUN,ACCT015,ACCT002,38,123,buy,clean
T000504,2026-06-01 09:55:09,FED-CUT-JUL26,ACCT031,ACCT009,54,105,buy,clean
T000505,2026-06-01 09:55:12,PRES-2028-DEM,ACCT014,ACCT005,63,113,sell,clean
T000506,2026-06-01 09:55:15,PRES-2028-DEM,ACCT039,ACCT025,47,191,buy,clean
T000507,2026-06-01 09:55:18,PRES-2028-DEM,ACCT016,ACCT034,16,11,sell,clean
T000508,2026-06-01 09:55:21,FED-CUT-JUL26,ACCT019,ACCT030,55,14,buy,clean
T000509,2026-06-01 09:55:24,PRES-2028-DEM,ACCT012,ACCT038,67,35,sell,clean
T000510,2026-06-01 09:55:27,FED-CUT-JUL26,ACCT038,ACCT013,53,83,buy,clean
T000511,2026-06-01 09:55:30,SP500-ABOVE-6000-JUN,ACCT024,ACCT006,38,131,buy,clean
T000512,2026-06-01 09:55:33,PRES-2028-DEM,ACCT022,ACCT037,66,42,buy,clean
T000513,2026-06-01 09:55:36,SP500-ABOVE-6000-JUN,ACCT029,ACCT019,45,34,buy,clean
T000514,2026-06-01 09:55:39,FED-CUT-JUL26,ACCT032,ACCT035,55,127,buy,clean
T000515,2026-06-01 09:55:42,FED-CUT-JUL26,ACCT006,ACCT039,42,141,sell,clean
T000516,2026-06-01 09:55:45,SP500-ABOVE-6000-JUN,ACCT023,ACCT003,51,148,sell,clean
T000517,2026-06-01 09:55:48,PRES-2028-DEM,ACCT011,ACCT019,35,153,buy,clean
T000518,2026-06-01 09:55:51,PRES-2028-DEM,ACCT020,ACCT021,42,18,sell,clean
T000519,2026-06-01 09:55:54,SP500-ABOVE-6000-JUN,ACCT018,ACCT022,35,179,buy,clean
T000520,2026-06-01 09:55:57,SP500-ABOVE-6000-JUN,ACCT034,ACCT006,31,181,sell,clean
T000521,2026-06-01 09:56:00,SP500-ABOVE-6000-JUN,ACCT040,ACCT023,64,128,sell,clean
T000522,2026-06-01 09:56:03,PRES-2028-DEM,ACCT001,ACCT008,66,31,buy,clean
T000523,2026-06-01 09:56:06,SP500-ABOVE-6000-JUN,ACCT014,ACCT001,38,66,buy,clean
T000524,2026-06-01 09:56:09,PRES-2028-DEM,ACCT008,ACCT022,39,158,buy,clean
T000525,2026-06-01 09:56:12,SP500-ABOVE-6000-JUN,ACCT031,ACCT003,41,161,sell,clean
T000526,2026-06-01 09:56:15,PRES-2028-DEM,ACCT034,ACCT020,33,143,buy,clean
T000527,2026-06-01 09:56:18,FED-CUT-JUL26,ACCT005,ACCT010,49,97,buy,clean
T000528,2026-06-01 09:56:21,FED-CUT-JUL26,ACCT021,ACCT003,49,61,sell,clean
T000529,2026-06-01 09:56:24,PRES-2028-DEM,ACCT008,ACCT024,54,24,sell,clean
T000530,2026-06-01 09:56:27,FED-CUT-JUL26,ACCT031,ACCT034,46,197,buy,clean
T000531,2026-06-01 09:56:30,SP500-ABOVE-6000-JUN,ACCT034,ACCT008,77,176,buy,clean
T000532,2026-06-01 09:56:33,SP500-ABOVE-6000-JUN,ACCT020,ACCT002,40,54,sell,clean
T000533,2026-06-01 09:56:36,FED-CUT-JUL26,ACCT029,ACCT008,49,30,buy,clean
T000534,2026-06-01 09:56:39,FED-CUT-JUL26,ACCT018,ACCT010,70,147,buy,clean
T000535,2026-06-01 09:56:42,FED-CUT-JUL26,ACCT035,ACCT029,52,173,buy,clean
T000536,2026-06-01 09:56:45,FED-CUT-JUL26,ACCT012,ACCT039,63,177,sell,clean
T000537,2026-06-01 09:56:48,SP500-ABOVE-6000-JUN,ACCT035,ACCT006,69,120,buy,clean
T000538,2026-06-01 09:56:51,SP500-ABOVE-6000-JUN,ACCT030,ACCT031,50,158,sell,clean
T000539,2026-06-01 09:56:54,SP500-ABOVE-6000-JUN,ACCT022,ACCT021,47,122,buy,clean
T000540,2026-06-01 09:56:57,FED-CUT-JUL26,ACCT023,ACCT039,37,104,buy,clean
T000541,2026-06-01 09:57:00,SP500-ABOVE-6000-JUN,ACCT030,ACCT026,42,63,buy,clean
T000542,2026-06-01 09:57:03,SP500-ABOVE-6000-JUN,ACCT038,ACCT028,52,88,buy,clean
T000543,2026-06-01 09:57:06,PRES-2028-DEM,ACCT038,ACCT039,35,114,buy,clean
T000544,2026-06-01 09:57:09,SP500-ABOVE-6000-JUN,ACCT039,ACCT025,41,16,buy,clean
T000545,2026-06-01 09:57:12,SP500-ABOVE-6000-JUN,ACCT001,ACCT010,42,75,sell,clean
T000546,2026-06-01 09:57:15,FED-CUT-JUL26,ACCT020,ACCT037,54,112,sell,clean
T000547,2026-06-01 09:57:18,SP500-ABOVE-6000-JUN,ACCT026,ACCT009,52,141,buy,clean
T000548,2026-06-01 09:57:21,FED-CUT-JUL26,ACCT002,ACCT016,35,161,sell,clean
T000549,2026-06-01 09:57:24,PRES-2028-DEM,ACCT012,ACCT031,59,93,sell,clean
T000550,2026-06-01 09:57:27,PRES-2028-DEM,ACCT002,ACCT010,47,112,buy,clean
T000551,2026-06-01 09:57:30,SP500-ABOVE-6000-JUN,ACCT039,ACCT028,40,109,sell,clean
T000552,2026-06-01 09:57:33,SP500-ABOVE-6000-JUN,ACCT001,ACCT037,30,183,sell,clean
T000553,2026-06-01 09:57:36,PRES-2028-DEM,ACCT037,ACCT031,48,124,buy,clean
T000554,2026-06-01 09:57:39,PRES-2028-DEM,ACCT034,ACCT040,61,190,buy,clean
T000555,2026-06-01 09:57:42,SP500-ABOVE-6000-JUN,ACCT001,ACCT031,24,147,sell,clean
T000556,2026-06-01 09:57:45,PRES-2028-DEM,ACCT039,ACCT020,47,16,sell,clean
T000557,2026-06-01 09:57:48,FED-CUT-JUL26,ACCT040,ACCT002,48,130,buy,clean
T000558,2026-06-01 09:57:51,FED-CUT-JUL26,ACCT017,ACCT001,49,152,buy,clean
T000559,2026-06-01 09:57:54,SP500-ABOVE-6000-JUN,ACCT016,ACCT032,56,9,sell,clean
T000560,2026-06-01 09:57:57,FED-CUT-JUL26,ACCT025,ACCT016,39,43,buy,clean
T000561,2026-06-01 09:58:00,PRES-2028-DEM,ACCT004,ACCT011,36,122,buy,clean
T000562,2026-06-01 09:58:03,SP500-ABOVE-6000-JUN,ACCT028,ACCT001,44,98,sell,clean
T000563,2026-06-01 09:58:06,FED-CUT-JUL26,ACCT040,ACCT018,45,26,sell,clean
T000564,2026-06-01 09:58:09,SP500-ABOVE-6000-JUN,ACCT013,ACCT034,40,47,sell,clean
T000565,2026-06-01 09:58:12,PRES-2028-DEM,ACCT034,ACCT007,45,186,sell,clean
T000566,2026-06-01 09:58:15,PRES-2028-DEM,ACCT004,ACCT039,37,154,buy,clean
T000567,2026-06-01 09:58:18,SP500-ABOVE-6000-JUN,ACCT037,ACCT012,64,65,sell,clean
T000568,2026-06-01 09:58:21,FED-CUT-JUL26,ACCT028,ACCT021,49,71,buy,clean
T000569,2026-06-01 09:58:24,FED-CUT-JUL26,ACCT017,ACCT012,37,52,sell,clean
T000570,2026-06-01 09:58:27,FED-CUT-JUL26,ACCT014,ACCT040,33,184,sell,clean
T000571,2026-06-01 09:58:30,SP500-ABOVE-6000-JUN,ACCT017,ACCT029,63,168,buy,clean
T000572,2026-06-01 09:58:33,FED-CUT-JUL26,ACCT026,ACCT037,68,198,sell,clean
T000573,2026-06-01 09:58:36,PRES-2028-DEM,ACCT035,ACCT015,79,200,sell,clean
T000574,2026-06-01 09:58:39,FED-CUT-JUL26,ACCT022,ACCT020,36,166,buy,clean
T000575,2026-06-01 09:58:42,FED-CUT-JUL26,ACCT019,ACCT013,51,99,buy,clean
T000576,2026-06-01 09:58:45,FED-CUT-JUL26,ACCT032,ACCT006,59,49,buy,clean
T000577,2026-06-01 09:58:48,SP500-ABOVE-6000-JUN,ACCT016,ACCT032,33,165,sell,clean
T000578,2026-06-01 09:58:51,PRES-2028-DEM,ACCT003,ACCT022,69,11,sell,clean
T000579,2026-06-01 09:58:54,SP500-ABOVE-6000-JUN,ACCT035,ACCT010,49,19,buy,clean
T000580,2026-06-01 09:58:57,SP500-ABOVE-6000-JUN,ACCT003,ACCT016,48,45,buy,clean
T000581,2026-06-01 09:59:00,SP500-ABOVE-6000-JUN,ACCT005,ACCT007,62,158,buy,clean
T000582,2026-06-01 09:59:03,SP500-ABOVE-6000-JUN,ACCT026,ACCT021,63,140,buy,clean
T000583,2026-06-01 09:59:06,FED-CUT-JUL26,ACCT005,ACCT008,46,44,sell,clean
T000584,2026-06-01 09:59:09,PRES-2028-DEM,ACCT009,ACCT007,54,97,buy,clean
T000585,2026-06-01 09:59:12,PRES-2028-DEM,ACCT006,ACCT038,59,198,sell,clean
T000586,2026-06-01 09:59:15,SP500-ABOVE-6000-JUN,ACCT029,ACCT027,50,178,buy,clean
T000587,2026-06-01 09:59:18,FED-CUT-JUL26,ACCT023,ACCT027,58,31,buy,clean
T000588,2026-06-01 09:59:21,SP500-ABOVE-6000-JUN,ACCT014,ACCT018,55,39,sell,clean
T000589,2026-06-01 09:59:24,PRES-2028-DEM,ACCT004,ACCT024,47,86,sell,clean
T000590,2026-06-01 09:59:27,PRES-2028-DEM,ACCT011,ACCT002,44,61,sell,clean
T000591,2026-06-01 09:59:30,FED-CUT-JUL26,ACCT015,ACCT008,47,189,sell,clean
T000592,2026-06-01 09:59:33,SP500-ABOVE-6000-JUN,ACCT032,ACCT004,55,157,sell,clean
T000593,2026-06-01 09:59:36,SP500-ABOVE-6000-JUN,ACCT013,ACCT023,57,33,buy,clean
T000594,2026-06-01 09:59:39,FED-CUT-JUL26,ACCT030,ACCT027,55,76,buy,clean
T000595,2026-06-01 09:59:42,PRES-2028-DEM,ACCT027,ACCT034,10,152,sell,clean
T000596,2026-06-01 09:59:45,SP500-ABOVE-6000-JUN,ACCT016,ACCT021,42,152,buy,clean
T000597,2026-06-01 09:59:48,FED-CUT-JUL26,ACCT033,ACCT003,39,179,buy,clean
T000598,2026-06-01 09:59:51,PRES-2028-DEM,ACCT027,ACCT014,56,166,buy,clean
T000599,2026-06-01 09:59:54,FED-CUT-JUL26,ACCT037,ACCT038,63,198,buy,clean
T000600,2026-06-01 09:59:57,SP500-ABOVE-6000-JUN,ACCT001,ACCT005,36,136,buy,clean
T000601,2026-06-01 10:00:00,SP500-ABOVE-6000-JUN,ACCT035,ACCT037,55,21,sell,clean
T000602,2026-06-01 10:00:03,PRES-2028-DEM,ACCT025,ACCT024,46,94,buy,clean
T000603,2026-06-01 10:00:06,FED-CUT-JUL26,ACCT016,ACCT035,60,193,buy,clean
T000604,2026-06-01 10:00:09,SP500-ABOVE-6000-JUN,ACCT028,ACCT018,60,116,sell,clean
T000605,2026-06-01 10:00:12,SP500-ABOVE-6000-JUN,ACCT019,ACCT029,34,178,buy,clean
T000606,2026-06-01 10:00:15,PRES-2028-DEM,ACCT019,ACCT005,57,179,buy,clean
T000607,2026-06-01 10:00:18,SP500-ABOVE-6000-JUN,ACCT002,ACCT019,34,34,sell,clean
T000608,2026-06-01 10:00:21,PRES-2028-DEM,ACCT019,ACCT013,72,60,sell,clean
T000609,2026-06-01 10:00:24,FED-CUT-JUL26,ACCT032,ACCT038,42,141,sell,clean
T000610,2026-06-01 10:00:27,FED-CUT-JUL26,ACCT011,ACCT017,51,74,buy,clean
T000611,2026-06-01 10:00:30,PRES-2028-DEM,ACCT040,ACCT011,47,45,buy,clean
T000612,2026-06-01 10:00:33,FED-CUT-JUL26,ACCT037,ACCT009,39,53,buy,clean
T000613,2026-06-01 10:00:36,SP500-ABOVE-6000-JUN,ACCT011,ACCT035,41,104,sell,clean
T000614,2026-06-01 10:00:39,SP500-ABOVE-6000-JUN,ACCT035,ACCT033,40,122,sell,clean
T000615,2026-06-01 10:00:42,PRES-2028-DEM,ACCT031,ACCT003,59,79,buy,clean
T000616,2026-06-01 10:00:45,PRES-2028-DEM,ACCT021,ACCT004,43,135,buy,clean
T000617,2026-06-01 10:00:48,FED-CUT-JUL26,ACCT006,ACCT033,39,155,buy,clean
T000618,2026-06-01 10:00:51,FED-CUT-JUL26,ACCT024,ACCT025,43,90,sell,clean
T000619,2026-06-01 10:00:54,FED-CUT-JUL26,ACCT027,ACCT029,44,109,sell,clean
T000620,2026-06-01 10:00:57,FED-CUT-JUL26,ACCT031,ACCT034,54,152,sell,clean
T000621,2026-06-01 10:01:00,FED-CUT-JUL26,ACCT027,ACCT012,32,194,buy,clean
T000622,2026-06-01 10:01:03,FED-CUT-JUL26,ACCT003,ACCT020,55,144,sell,clean
T000623,2026-06-01 10:01:06,FED-CUT-JUL26,ACCT031,ACCT008,35,107,buy,clean
T000624,2026-06-01 10:01:09,FED-CUT-JUL26,ACCT032,ACCT005,40,124,sell,clean
T000625,2026-06-01 10:01:12,SP500-ABOVE-6000-JUN,ACCT037,ACCT002,54,15,buy,clean
T000626,2026-06-01 10:01:15,PRES-2028-DEM,ACCT018,ACCT024,26,92,buy,clean
T000627,2026-06-01 10:01:18,PRES-2028-DEM,ACCT033,ACCT013,50,25,buy,clean
T000628,2026-06-01 10:01:21,SP500-ABOVE-6000-JUN,ACCT024,ACCT007,39,37,buy,clean
T000629,2026-06-01 10:01:24,FED-CUT-JUL26,ACCT027,ACCT022,56,56,buy,clean
T000630,2026-06-01 10:01:27,SP500-ABOVE-6000-JUN,ACCT035,ACCT036,43,107,sell,clean
T000631,2026-06-01 10:01:30,FED-CUT-JUL26,ACCT023,ACCT020,47,114,sell,clean
T000632,2026-06-01 10:01:33,PRES-2028-DEM,ACCT015,ACCT009,54,59,sell,clean
T000633,2026-06-01 10:01:36,FED-CUT-JUL26,ACCT008,ACCT005,63,111,buy,clean
T000634,2026-06-01 10:01:39,SP500-ABOVE-6000-JUN,ACCT038,ACCT004,24,12,buy,clean
T000635,2026-06-01 10:01:42,SP500-ABOVE-6000-JUN,ACCT014,ACCT038,56,90,buy,clean
T000636,2026-06-01 10:01:45,FED-CUT-JUL26,ACCT023,ACCT011,62,157,buy,clean
T000637,2026-06-01 10:01:48,SP500-ABOVE-6000-JUN,ACCT014,ACCT013,57,194,buy,clean
T000638,2026-06-01 10:01:51,FED-CUT-JUL26,ACCT024,ACCT038,57,28,buy,clean
T000639,2026-06-01 10:01:54,PRES-2028-DEM,ACCT027,ACCT008,50,120,buy,clean
T000640,2026-06-01 10:01:57,SP500-ABOVE-6000-JUN,ACCT003,ACCT006,47,73,sell,clean
T000641,2026-06-01 10:02:00,FED-CUT-JUL26,ACCT028,ACCT013,65,122,sell,clean
T000642,2026-06-01 10:02:03,FED-CUT-JUL26,ACCT029,ACCT034,47,37,sell,clean
T000643,2026-06-01 10:02:06,PRES-2028-DEM,ACCT005,ACCT024,60,153,sell,clean
T000644,2026-06-01 10:02:09,FED-CUT-JUL26,ACCT038,ACCT018,50,103,sell,clean
T000645,2026-06-01 10:02:12,SP500-ABOVE-6000-JUN,ACCT018,ACCT010,50,65,sell,clean
T000646,2026-06-01 10:02:15,SP500-ABOVE-6000-JUN,ACCT004,ACCT005,47,46,sell,clean
T000647,2026-06-01 10:02:18,PRES-2028-DEM,ACCT005,ACCT034,52,52,sell,clean
T000648,2026-06-01 10:02:21,FED-CUT-JUL26,ACCT035,ACCT002,52,111,buy,clean
T000649,2026-06-01 10:02:24,FED-CUT-JUL26,ACCT030,ACCT003,64,200,sell,clean
T000650,2026-06-01 10:02:27,SP500-ABOVE-6000-JUN,ACCT025,ACCT032,51,126,sell,clean
T000651,2026-06-01 10:02:30,FED-CUT-JUL26,ACCT017,ACCT032,40,174,sell,clean
T000652,2026-06-01 10:02:33,PRES-2028-DEM,ACCT009,ACCT024,38,7,sell,clean
T000653,2026-06-01 10:02:36,FED-CUT-JUL26,ACCT027,ACCT023,58,61,sell,clean
T000654,2026-06-01 10:02:39,PRES-2028-DEM,ACCT002,ACCT035,43,109,sell,clean
T000655,2026-06-01 10:02:42,FED-CUT-JUL26,ACCT025,ACCT037,37,126,buy,clean
T000656,2026-06-01 10:02:45,SP500-ABOVE-6000-JUN,ACCT022,ACCT011,41,112,buy,clean
T000657,2026-06-01 10:02:48,FED-CUT-JUL26,ACCT004,ACCT020,62,58,buy,clean
T000658,2026-06-01 10:02:51,SP500-ABOVE-6000-JUN,ACCT034,ACCT031,40,20,sell,clean
T000659,2026-06-01 10:02:54,FED-CUT-JUL26,ACCT026,ACCT017,40,196,buy,clean
T000660,2026-06-01 10:02:57,PRES-2028-DEM,ACCT030,ACCT018,63,158,sell,clean
T000661,2026-06-01 10:03:00,PRES-2028-DEM,ACCT016,ACCT010,49,112,sell,clean
T000662,2026-06-01 10:03:03,FED-CUT-JUL26,ACCT019,ACCT011,49,104,buy,clean
T000663,2026-06-01 10:03:06,FED-CUT-JUL26,ACCT030,ACCT032,38,166,buy,clean
T000664,2026-06-01 10:03:09,FED-CUT-JUL26,ACCT018,ACCT036,60,185,sell,clean
T000665,2026-06-01 10:03:12,FED-CUT-JUL26,ACCT005,ACCT027,64,24,sell,clean
T000666,2026-06-01 10:03:15,SP500-ABOVE-6000-JUN,ACCT008,ACCT034,41,199,sell,clean
T000667,2026-06-01 10:03:18,FED-CUT-JUL26,ACCT022,ACCT038,48,191,buy,clean
T000668,2026-06-01 10:03:21,PRES-2028-DEM,ACCT018,ACCT029,29,15,sell,clean
T000669,2026-06-01 10:03:24,FED-CUT-JUL26,ACCT016,ACCT018,70,93,sell,clean
T000670,2026-06-01 10:03:27,SP500-ABOVE-6000-JUN,ACCT003,ACCT004,42,62,sell,clean
T000671,2026-06-01 10:03:30,SP500-ABOVE-6000-JUN,ACCT008,ACCT035,65,100,buy,clean
T000672,2026-06-01 10:03:33,PRES-2028-DEM,ACCT020,ACCT014,54,113,sell,clean
T000673,2026-06-01 10:03:36,FED-CUT-JUL26,ACCT031,ACCT027,59,109,buy,clean
T000674,2026-06-01 10:03:39,FED-CUT-JUL26,ACCT039,ACCT036,48,8,buy,clean
T000675,2026-06-01 10:03:42,PRES-2028-DEM,ACCT020,ACCT021,44,64,buy,clean
T000676,2026-06-01 10:03:45,SP500-ABOVE-6000-JUN,ACCT009,ACCT017,57,84,sell,clean
T000677,2026-06-01 10:03:48,FED-CUT-JUL26,ACCT025,ACCT037,54,143,buy,clean
T000678,2026-06-01 10:03:51,PRES-2028-DEM,ACCT004,ACCT026,38,39,buy,clean
T000679,2026-06-01 10:03:54,SP500-ABOVE-6000-JUN,ACCT034,ACCT028,54,173,sell,clean
T000680,2026-06-01 10:03:57,FED-CUT-JUL26,ACCT019,ACCT032,40,53,buy,clean
T000681,2026-06-01 10:04:00,PRES-2028-DEM,ACCT002,ACCT019,58,116,buy,clean
T000682,2026-06-01 10:04:03,FED-CUT-JUL26,ACCT009,ACCT021,61,55,sell,clean
T000683,2026-06-01 10:04:06,SP500-ABOVE-6000-JUN,ACCT004,ACCT022,62,91,buy,clean
T000684,2026-06-01 10:04:09,FED-CUT-JUL26,ACCT026,ACCT024,67,11,buy,clean
T000685,2026-06-01 10:04:12,FED-CUT-JUL26,ACCT030,ACCT009,65,111,buy,clean
T000686,2026-06-01 10:04:15,PRES-2028-DEM,ACCT032,ACCT018,49,73,sell,clean
T000687,2026-06-01 10:04:18,PRES-2028-DEM,ACCT021,ACCT032,50,169,sell,clean
T000688,2026-06-01 10:04:21,PRES-2028-DEM,ACCT003,ACCT031,48,112,buy,clean
T000689,2026-06-01 10:04:24,SP500-ABOVE-6000-JUN,ACCT036,ACCT032,44,185,buy,clean
T000690,2026-06-01 10:04:27,FED-CUT-JUL26,ACCT012,ACCT011,49,145,buy,clean
T000691,2026-06-01 10:04:30,PRES-2028-DEM,ACCT016,ACCT032,38,7,sell,clean
T000692,2026-06-01 10:04:33,PRES-2028-DEM,ACCT021,ACCT010,63,182,sell,clean
T000693,2026-06-01 10:04:36,PRES-2028-DEM,ACCT040,ACCT029,41,188,buy,clean
T000694,2026-06-01 10:04:39,PRES-2028-DEM,ACCT005,ACCT036,61,103,sell,clean
T000695,2026-06-01 10:04:42,PRES-2028-DEM,ACCT011,ACCT025,51,193,buy,clean
T000696,2026-06-01 10:04:45,SP500-ABOVE-6000-JUN,ACCT020,ACCT039,62,95,buy,clean
T000697,2026-06-01 10:04:48,SP500-ABOVE-6000-JUN,ACCT039,ACCT028,60,95,buy,clean
T000698,2026-06-01 10:04:51,FED-CUT-JUL26,ACCT030,ACCT015,38,127,buy,clean
T000699,2026-06-01 10:04:54,FED-CUT-JUL26,ACCT020,ACCT010,68,77,buy,clean
T000700,2026-06-01 10:04:57,PRES-2028-DEM,ACCT003,ACCT033,59,25,sell,clean
T000701,2026-06-01 10:05:00,SP500-ABOVE-6000-JUN,ACCT002,ACCT008,49,47,sell,clean
T000702,2026-06-01 10:05:03,FED-CUT-JUL26,ACCT021,ACCT038,46,116,sell,clean
T000703,2026-06-01 10:05:06,SP500-ABOVE-6000-JUN,ACCT039,ACCT017,53,137,buy,clean
T000704,2026-06-01 10:05:09,SP500-ABOVE-6000-JUN,ACCT031,ACCT030,41,191,sell,clean
T000705,2026-06-01 10:05:12,SP500-ABOVE-6000-JUN,ACCT026,ACCT020,55,49,buy,clean
T000706,2026-06-01 10:05:15,SP500-ABOVE-6000-JUN,ACCT010,ACCT016,34,138,buy,clean
T000707,2026-06-01 10:05:18,FED-CUT-JUL26,ACCT002,ACCT008,53,180,sell,clean
T000708,2026-06-01 10:05:21,SP500-ABOVE-6000-JUN,ACCT016,ACCT013,43,101,buy,clean
T000709,2026-06-01 10:05:24,SP500-ABOVE-6000-JUN,ACCT028,ACCT027,61,153,sell,clean
T000710,2026-06-01 10:05:27,SP500-ABOVE-6000-JUN,ACCT040,ACCT032,50,5,sell,clean
T000711,2026-06-01 10:05:30,SP500-ABOVE-6000-JUN,ACCT027,ACCT031,62,166,sell,clean
T000712,2026-06-01 10:05:33,SP500-ABOVE-6000-JUN,ACCT013,ACCT031,45,57,sell,clean
T000713,2026-06-01 10:05:36,FED-CUT-JUL26,ACCT027,ACCT024,56,42,buy,clean
T000714,2026-06-01 10:05:39,PRES-2028-DEM,ACCT011,ACCT039,28,127,sell,clean
T000715,2026-06-01 10:05:42,PRES-2028-DEM,ACCT023,ACCT017,45,129,buy,clean
T000716,2026-06-01 10:05:45,PRES-2028-DEM,ACCT008,ACCT036,51,88,sell,clean
T000717,2026-06-01 10:05:48,SP500-ABOVE-6000-JUN,ACCT033,ACCT039,40,113,sell,clean
T000718,2026-06-01 10:05:51,PRES-2028-DEM,ACCT033,ACCT007,52,53,sell,clean
T000719,2026-06-01 10:05:54,FED-CUT-JUL26,ACCT007,ACCT010,43,36,buy,clean
T000720,2026-06-01 10:05:57,PRES-2028-DEM,ACCT016,ACCT031,42,22,sell,clean
T000721,2026-06-01 10:06:00,PRES-2028-DEM,ACCT010,ACCT034,42,110,sell,clean
T000722,2026-06-01 10:06:03,FED-CUT-JUL26,ACCT002,ACCT029,51,133,buy,clean
T000723,2026-06-01 10:06:06,PRES-2028-DEM,ACCT028,ACCT004,47,165,buy,clean
T000724,2026-06-01 10:06:09,SP500-ABOVE-6000-JUN,ACCT036,ACCT020,48,89,buy,clean
T000725,2026-06-01 10:06:12,FED-CUT-JUL26,ACCT014,ACCT035,38,114,sell,clean
T000726,2026-06-01 10:06:15,SP500-ABOVE-6000-JUN,ACCT022,ACCT025,46,33,sell,clean
T000727,2026-06-01 10:06:18,SP500-ABOVE-6000-JUN,ACCT022,ACCT011,74,139,sell,clean
T000728,2026-06-01 10:06:21,PRES-2028-DEM,ACCT004,ACCT024,49,32,buy,clean
T000729,2026-06-01 10:06:24,PRES-2028-DEM,ACCT030,ACCT022,71,149,buy,clean
T000730,2026-06-01 10:06:27,SP500-ABOVE-6000-JUN,ACCT037,ACCT009,46,64,buy,clean
T000731,2026-06-01 10:06:30,FED-CUT-JUL26,ACCT030,ACCT007,57,106,buy,clean
T000732,2026-06-01 10:06:33,FED-CUT-JUL26,ACCT014,ACCT029,65,104,sell,clean
T000733,2026-06-01 10:06:36,FED-CUT-JUL26,ACCT032,ACCT027,52,33,sell,clean
T000734,2026-06-01 10:06:39,PRES-2028-DEM,ACCT014,ACCT030,30,144,sell,clean
T000735,2026-06-01 10:06:42,FED-CUT-JUL26,ACCT037,ACCT019,56,96,sell,clean
T000736,2026-06-01 10:06:45,PRES-2028-DEM,ACCT010,ACCT038,25,79,sell,clean
T000737,2026-06-01 10:06:48,SP500-ABOVE-6000-JUN,ACCT023,ACCT005,58,147,sell,clean
T000738,2026-06-01 10:06:51,SP500-ABOVE-6000-JUN,ACCT039,ACCT009,51,118,sell,clean
T000739,2026-06-01 10:06:54,SP500-ABOVE-6000-JUN,ACCT040,ACCT027,30,87,buy,clean
T000740,2026-06-01 10:06:57,SP500-ABOVE-6000-JUN,ACCT002,ACCT037,35,80,buy,clean
T000741,2026-06-01 10:07:00,PRES-2028-DEM,ACCT037,ACCT034,55,5,buy,clean
T000742,2026-06-01 10:07:03,PRES-2028-DEM,ACCT038,ACCT029,62,83,sell,clean
T000743,2026-06-01 10:07:06,PRES-2028-DEM,ACCT027,ACCT002,56,66,buy,clean
T000744,2026-06-01 10:07:09,PRES-2028-DEM,ACCT012,ACCT017,50,105,buy,clean
T000745,2026-06-01 10:07:12,SP500-ABOVE-6000-JUN,ACCT004,ACCT020,41,106,sell,clean
T000746,2026-06-01 10:07:15,PRES-2028-DEM,ACCT039,ACCT038,51,130,sell,clean
T000747,2026-06-01 10:07:18,SP500-ABOVE-6000-JUN,ACCT027,ACCT005,37,60,buy,clean
T000748,2026-06-01 10:07:21,SP500-ABOVE-6000-JUN,ACCT009,ACCT020,38,163,buy,clean
T000749,2026-06-01 10:07:24,PRES-2028-DEM,ACCT035,ACCT028,64,11,buy,clean
T000750,2026-06-01 10:07:27,PRES-2028-DEM,ACCT001,ACCT004,62,154,sell,clean
T000751,2026-06-01 10:07:30,SP500-ABOVE-6000-JUN,ACCT019,ACCT003,57,18,sell,clean
T000752,2026-06-01 10:07:33,SP500-ABOVE-6000-JUN,ACCT036,ACCT018,55,130,sell,clean
T000753,2026-06-01 10:07:36,SP500-ABOVE-6000-JUN,ACCT021,ACCT022,57,85,buy,clean
T000754,2026-06-01 10:07:39,PRES-2028-DEM,ACCT012,ACCT027,32,126,sell,clean
T000755,2026-06-01 10:07:42,SP500-ABOVE-6000-JUN,ACCT029,ACCT008,36,154,sell,clean
T000756,2026-06-01 10:07:45,FED-CUT-JUL26,ACCT013,ACCT029,69,195,sell,clean
T000757,2026-06-01 10:07:48,SP500-ABOVE-6000-JUN,ACCT020,ACCT015,51,93,buy,clean
T000758,2026-06-01 10:07:51,SP500-ABOVE-6000-JUN,ACCT026,ACCT008,60,127,buy,clean
T000759,2026-06-01 10:07:54,SP500-ABOVE-6000-JUN,ACCT009,ACCT005,69,59,sell,clean
T000760,2026-06-01 10:07:57,SP500-ABOVE-6000-JUN,ACCT036,ACCT030,62,173,buy,clean
T000761,2026-06-01 10:08:00,SP500-ABOVE-6000-JUN,ACCT034,ACCT030,35,12,buy,clean
T000762,2026-06-01 10:08:03,FED-CUT-JUL26,ACCT001,ACCT026,51,147,buy,clean
T000763,2026-06-01 10:08:06,PRES-2028-DEM,ACCT011,ACCT022,43,25,buy,clean
T000764,2026-06-01 10:08:09,SP500-ABOVE-6000-JUN,ACCT022,ACCT017,50,88,buy,clean
T000765,2026-06-01 10:08:12,SP500-ABOVE-6000-JUN,ACCT040,ACCT029,51,149,buy,clean
T000766,2026-06-01 10:08:15,SP500-ABOVE-6000-JUN,ACCT005,ACCT009,69,15,sell,clean
T000767,2026-06-01 10:08:18,SP500-ABOVE-6000-JUN,ACCT004,ACCT019,57,159,sell,clean
T000768,2026-06-01 10:08:21,FED-CUT-JUL26,ACCT028,ACCT040,41,173,buy,clean
T000769,2026-06-01 10:08:24,PRES-2028-DEM,ACCT007,ACCT001,46,50,buy,clean
T000770,2026-06-01 10:08:27,SP500-ABOVE-6000-JUN,ACCT029,ACCT012,50,16,buy,clean
T000771,2026-06-01 10:08:30,SP500-ABOVE-6000-JUN,ACCT023,ACCT020,37,38,buy,clean
T000772,2026-06-01 10:08:33,PRES-2028-DEM,ACCT034,ACCT038,46,61,buy,clean
T000773,2026-06-01 10:08:36,SP500-ABOVE-6000-JUN,ACCT013,ACCT005,40,178,sell,clean
T000774,2026-06-01 10:08:39,SP500-ABOVE-6000-JUN,ACCT020,ACCT027,47,11,sell,clean
T000775,2026-06-01 10:08:42,FED-CUT-JUL26,ACCT040,ACCT014,51,85,sell,clean
T000776,2026-06-01 10:08:45,PRES-2028-DEM,ACCT024,ACCT001,52,30,buy,clean
T000777,2026-06-01 10:08:48,FED-CUT-JUL26,ACCT003,ACCT002,53,57,sell,clean
T000778,2026-06-01 10:08:51,PRES-2028-DEM,ACCT002,ACCT012,64,6,buy,clean
T000779,2026-06-01 10:08:54,FED-CUT-JUL26,ACCT030,ACCT016,42,44,sell,clean
T000780,2026-06-01 10:08:57,PRES-2028-DEM,ACCT013,ACCT035,41,154,sell,clean
T000781,2026-06-01 10:09:00,FED-CUT-JUL26,ACCT010,ACCT021,50,72,buy,clean
T000782,2026-06-01 10:09:03,SP500-ABOVE-6000-JUN,ACCT040,ACCT005,55,166,sell,clean
T000783,2026-06-01 10:09:06,SP500-ABOVE-6000-JUN,ACCT024,ACCT034,43,127,sell,clean
T000784,2026-06-01 10:09:09,SP500-ABOVE-6000-JUN,ACCT003,ACCT014,51,61,sell,clean
T000785,2026-06-01 10:09:12,SP500-ABOVE-6000-JUN,ACCT011,ACCT024,49,193,buy,clean
T000786,2026-06-01 10:09:15,SP500-ABOVE-6000-JUN,ACCT003,ACCT030,39,116,sell,clean
T000787,2026-06-01 10:09:18,FED-CUT-JUL26,ACCT018,ACCT025,62,68,buy,clean
T000788,2026-06-01 10:09:21,SP500-ABOVE-6000-JUN,ACCT035,ACCT006,56,26,buy,clean
T000789,2026-06-01 10:09:24,FED-CUT-JUL26,ACCT013,ACCT022,49,197,sell,clean
T000790,2026-06-01 10:09:27,SP500-ABOVE-6000-JUN,ACCT035,ACCT017,60,89,sell,clean
T000791,2026-06-01 10:09:30,SP500-ABOVE-6000-JUN,ACCT010,ACCT026,52,54,sell,clean
T000792,2026-06-01 10:09:33,SP500-ABOVE-6000-JUN,ACCT030,ACCT022,52,49,sell,clean
T000793,2026-06-01 10:09:36,SP500-ABOVE-6000-JUN,ACCT002,ACCT024,65,79,buy,clean
T000794,2026-06-01 10:09:39,FED-CUT-JUL26,ACCT026,ACCT035,45,146,buy,clean
T000795,2026-06-01 10:09:42,SP500-ABOVE-6000-JUN,ACCT039,ACCT037,72,53,sell,clean
T000796,2026-06-01 10:09:45,PRES-2028-DEM,ACCT022,ACCT037,66,78,buy,clean
T000797,2026-06-01 10:09:48,SP500-ABOVE-6000-JUN,ACCT039,ACCT032,57,99,sell,clean
T000798,2026-06-01 10:09:51,PRES-2028-DEM,ACCT030,ACCT004,48,84,sell,clean
T000799,2026-06-01 10:09:54,FED-CUT-JUL26,ACCT031,ACCT005,30,53,buy,clean
T000800,2026-06-01 10:09:57,SP500-ABOVE-6000-JUN,ACCT031,ACCT011,27,151,buy,clean
T000801,2026-06-01 10:10:00,PRES-2028-DEM,ACCT029,ACCT005,57,64,sell,clean
T000802,2026-06-01 10:10:03,SP500-ABOVE-6000-JUN,ACCT006,ACCT019,33,89,sell,clean
T000803,2026-06-01 10:10:06,PRES-2028-DEM,ACCT040,ACCT028,24,47,buy,clean
T000804,2026-06-01 10:10:09,PRES-2028-DEM,ACCT018,ACCT035,43,179,buy,clean
T000805,2026-06-01 10:10:12,FED-CUT-JUL26,ACCT005,ACCT007,29,105,sell,clean
T000806,2026-06-01 10:10:15,FED-CUT-JUL26,ACCT002,ACCT005,38,119,sell,clean
T000807,2026-06-01 10:10:18,PRES-2028-DEM,ACCT017,ACCT008,48,172,sell,clean
T000808,2026-06-01 10:10:21,SP500-ABOVE-6000-JUN,ACCT016,ACCT029,64,42,buy,clean
T000809,2026-06-01 10:10:24,PRES-2028-DEM,ACCT035,ACCT026,58,3,sell,clean
T000810,2026-06-01 10:10:27,SP500-ABOVE-6000-JUN,ACCT003,ACCT035,53,163,buy,clean
T000811,2026-06-01 10:10:30,PRES-2028-DEM,ACCT004,ACCT025,52,96,buy,clean
T000812,2026-06-01 10:10:33,PRES-2028-DEM,ACCT022,ACCT013,48,25,buy,clean
T000813,2026-06-01 10:10:36,FED-CUT-JUL26,ACCT021,ACCT036,38,139,sell,clean
T000814,2026-06-01 10:10:39,FED-CUT-JUL26,ACCT021,ACCT012,67,4,sell,clean
T000815,2026-06-01 10:10:42,FED-CUT-JUL26,ACCT040,ACCT024,74,106,sell,clean
T000816,2026-06-01 10:10:45,SP500-ABOVE-6000-JUN,ACCT011,ACCT017,65,162,sell,clean
T000817,2026-06-01 10:10:48,SP500-ABOVE-6000-JUN,ACCT021,ACCT031,52,150,sell,clean
T000818,2026-06-01 10:10:51,SP500-ABOVE-6000-JUN,ACCT001,ACCT015,70,32,sell,clean
T000819,2026-06-01 10:10:54,PRES-2028-DEM,ACCT009,ACCT024,41,97,buy,clean
T000820,2026-06-01 10:10:57,FED-CUT-JUL26,ACCT009,ACCT018,41,11,sell,clean
T000821,2026-06-01 10:11:00,FED-CUT-JUL26,ACCT022,ACCT016,51,171,buy,clean
T000822,2026-06-01 10:11:03,PRES-2028-DEM,ACCT029,ACCT001,62,50,buy,clean
T000823,2026-06-01 10:11:06,SP500-ABOVE-6000-JUN,ACCT036,ACCT014,50,186,sell,clean
T000824,2026-06-01 10:11:09,PRES-2028-DEM,ACCT039,ACCT016,44,163,buy,clean
T000825,2026-06-01 10:11:12,FED-CUT-JUL26,ACCT026,ACCT025,56,130,sell,clean
T000826,2026-06-01 10:11:15,FED-CUT-JUL26,ACCT006,ACCT020,44,187,buy,clean
T000827,2026-06-01 10:11:18,FED-CUT-JUL26,ACCT025,ACCT036,46,35,sell,clean
T000828,2026-06-01 10:11:21,SP500-ABOVE-6000-JUN,ACCT024,ACCT032,39,102,sell,clean
T000829,2026-06-01 10:11:24,SP500-ABOVE-6000-JUN,ACCT005,ACCT027,78,32,sell,clean
T000830,2026-06-01 10:11:27,SP500-ABOVE-6000-JUN,ACCT023,ACCT033,45,95,buy,clean
T000831,2026-06-01 10:11:30,PRES-2028-DEM,ACCT024,ACCT002,44,67,sell,clean
T000832,2026-06-01 10:11:33,SP500-ABOVE-6000-JUN,ACCT011,ACCT001,53,183,sell,clean
T000833,2026-06-01 10:11:36,PRES-2028-DEM,ACCT028,ACCT011,54,78,sell,clean
T000834,2026-06-01 10:11:39,SP500-ABOVE-6000-JUN,ACCT023,ACCT010,49,192,sell,clean
T000835,2026-06-01 10:11:42,PRES-2028-DEM,ACCT007,ACCT005,51,107,sell,clean
T000836,2026-06-01 10:11:45,SP500-ABOVE-6000-JUN,ACCT009,ACCT013,35,29,sell,clean
T000837,2026-06-01 10:11:48,PRES-2028-DEM,ACCT013,ACCT017,74,113,buy,clean
T000838,2026-06-01 10:11:51,PRES-2028-DEM,ACCT018,ACCT005,41,123,sell,clean
T000839,2026-06-01 10:11:54,PRES-2028-DEM,ACCT038,ACCT003,61,2,sell,clean
T000840,2026-06-01 10:11:57,SP500-ABOVE-6000-JUN,ACCT028,ACCT022,32,81,buy,clean
T000841,2026-06-01 10:12:00,FED-CUT-JUL26,ACCT022,ACCT007,74,103,buy,clean
T000842,2026-06-01 10:12:03,FED-CUT-JUL26,ACCT016,ACCT024,32,122,sell,clean
T000843,2026-06-01 10:12:06,FED-CUT-JUL26,ACCT003,ACCT021,46,125,sell,clean
T000844,2026-06-01 10:12:09,FED-CUT-JUL26,ACCT007,ACCT025,47,37,buy,clean
T000845,2026-06-01 10:12:12,SP500-ABOVE-6000-JUN,ACCT036,ACCT030,56,30,sell,clean
T000846,2026-06-01 10:12:15,SP500-ABOVE-6000-JUN,ACCT006,ACCT007,32,42,sell,clean
T000847,2026-06-01 10:12:18,SP500-ABOVE-6000-JUN,ACCT031,ACCT008,36,163,sell,clean
T000848,2026-06-01 10:12:21,SP500-ABOVE-6000-JUN,ACCT005,ACCT022,36,189,sell,clean
T000849,2026-06-01 10:12:24,FED-CUT-JUL26,ACCT006,ACCT008,66,49,buy,clean
T000850,2026-06-01 10:12:27,SP500-ABOVE-6000-JUN,ACCT001,ACCT020,63,100,sell,clean
T000851,2026-06-01 10:12:30,SP500-ABOVE-6000-JUN,ACCT038,ACCT015,51,118,sell,clean
T000852,2026-06-01 10:12:33,FED-CUT-JUL26,ACCT010,ACCT039,45,180,buy,clean
T000853,2026-06-01 10:12:36,PRES-2028-DEM,ACCT018,ACCT037,27,127,sell,clean
T000854,2026-06-01 10:12:39,SP500-ABOVE-6000-JUN,ACCT014,ACCT015,48,199,buy,clean
T000855,2026-06-01 10:12:42,SP500-ABOVE-6000-JUN,ACCT011,ACCT002,39,174,sell,clean
T000856,2026-06-01 10:12:45,SP500-ABOVE-6000-JUN,ACCT019,ACCT013,45,25,buy,clean
T000857,2026-06-01 10:12:48,SP500-ABOVE-6000-JUN,ACCT020,ACCT030,41,114,sell,clean
T000858,2026-06-01 10:12:51,SP500-ABOVE-6000-JUN,ACCT013,ACCT001,34,27,buy,clean
T000859,2026-06-01 10:12:54,PRES-2028-DEM,ACCT023,ACCT031,51,132,sell,clean
T000860,2026-06-01 10:12:57,PRES-2028-DEM,ACCT016,ACCT026,31,45,sell,clean
T000861,2026-06-01 10:13:00,SP500-ABOVE-6000-JUN,ACCT029,ACCT024,55,32,sell,clean
T000862,2026-06-01 10:13:03,FED-CUT-JUL26,ACCT018,ACCT007,52,124,sell,clean
T000863,2026-06-01 10:13:06,PRES-2028-DEM,ACCT035,ACCT012,34,101,sell,clean
T000864,2026-06-01 10:13:09,SP500-ABOVE-6000-JUN,ACCT008,ACCT014,75,47,buy,clean
T000865,2026-06-01 10:13:12,PRES-2028-DEM,ACCT003,ACCT009,34,23,sell,clean
T000866,2026-06-01 10:13:15,FED-CUT-JUL26,ACCT035,ACCT011,24,1,buy,clean
T000867,2026-06-01 10:13:18,FED-CUT-JUL26,ACCT035,ACCT029,58,81,sell,clean
T000868,2026-06-01 10:13:21,PRES-2028-DEM,ACCT010,ACCT020,55,35,buy,clean
T000869,2026-06-01 10:13:24,FED-CUT-JUL26,ACCT005,ACCT036,49,42,sell,clean
T000870,2026-06-01 10:13:27,SP500-ABOVE-6000-JUN,ACCT010,ACCT035,54,69,buy,clean
T000871,2026-06-01 10:13:30,FED-CUT-JUL26,ACCT010,ACCT021,62,7,buy,clean
T000872,2026-06-01 10:13:33,SP500-ABOVE-6000-JUN,ACCT036,ACCT027,65,93,sell,clean
T000873,2026-06-01 10:13:36,PRES-2028-DEM,ACCT025,ACCT015,45,32,buy,clean
T000874,2026-06-01 10:13:39,FED-CUT-JUL26,ACCT037,ACCT019,34,13,buy,clean
T000875,2026-06-01 10:13:42,SP500-ABOVE-6000-JUN,ACCT035,ACCT036,30,123,buy,clean
T000876,2026-06-01 10:13:45,SP500-ABOVE-6000-JUN,ACCT009,ACCT010,35,14,sell,clean
T000877,2026-06-01 10:13:48,PRES-2028-DEM,ACCT029,ACCT023,54,71,sell,clean
T000878,2026-06-01 10:13:51,FED-CUT-JUL26,ACCT021,ACCT006,46,62,buy,clean
T000879,2026-06-01 10:13:54,FED-CUT-JUL26,ACCT036,ACCT032,50,109,buy,clean
T000880,2026-06-01 10:13:57,SP500-ABOVE-6000-JUN,ACCT035,ACCT008,36,191,buy,clean
T000881,2026-06-01 10:14:00,SP500-ABOVE-6000-JUN,ACCT034,ACCT039,62,44,buy,clean
T000882,2026-06-01 10:14:03,SP500-ABOVE-6000-JUN,ACCT023,ACCT004,39,96,buy,clean
T000883,2026-06-01 10:14:06,PRES-2028-DEM,ACCT019,ACCT020,40,1,sell,clean
T000884,2026-06-01 10:14:09,PRES-2028-DEM,ACCT030,ACCT040,52,2,sell,clean
T000885,2026-06-01 10:14:12,FED-CUT-JUL26,ACCT012,ACCT026,46,126,buy,clean
T000886,2026-06-01 10:14:15,FED-CUT-JUL26,ACCT008,ACCT032,70,65,buy,clean
T000887,2026-06-01 10:14:18,FED-CUT-JUL26,ACCT012,ACCT035,52,113,sell,clean
T000888,2026-06-01 10:14:21,PRES-2028-DEM,ACCT023,ACCT013,57,35,sell,clean
T000889,2026-06-01 10:14:24,PRES-2028-DEM,ACCT031,ACCT018,60,127,buy,clean
T000890,2026-06-01 10:14:27,SP500-ABOVE-6000-JUN,ACCT025,ACCT009,54,6,buy,clean
T000891,2026-06-01 10:14:30,SP500-ABOVE-6000-JUN,ACCT016,ACCT004,45,153,buy,clean
T000892,2026-06-01 10:14:33,PRES-2028-DEM,ACCT028,ACCT016,35,48,buy,clean
T000893,2026-06-01 10:14:36,PRES-2028-DEM,ACCT028,ACCT013,29,27,buy,clean
T000894,2026-06-01 10:14:39,PRES-2028-DEM,ACCT026,ACCT003,48,38,sell,clean
T000895,2026-06-01 10:14:42,PRES-2028-DEM,ACCT025,ACCT027,31,60,buy,clean
T000896,2026-06-01 10:14:45,FED-CUT-JUL26,ACCT004,ACCT020,58,90,sell,clean
T000897,2026-06-01 10:14:48,PRES-2028-DEM,ACCT004,ACCT021,53,156,buy,clean
T000898,2026-06-01 10:14:51,FED-CUT-JUL26,ACCT022,ACCT020,63,175,buy,clean
T000899,2026-06-01 10:14:54,SP500-ABOVE-6000-JUN,ACCT034,ACCT039,37,54,sell,clean
T000900,2026-06-01 10:14:57,SP500-ABOVE-6000-JUN,ACCT008,ACCT003,27,168,buy,clean
T000901,2026-06-01 10:15:00,SP500-ABOVE-6000-JUN,ACCT040,ACCT022,45,195,buy,clean
T000902,2026-06-01 10:15:03,SP500-ABOVE-6000-JUN,ACCT017,ACCT036,75,115,buy,clean
T000903,2026-06-01 10:15:06,SP500-ABOVE-6000-JUN,ACCT002,ACCT011,34,34,sell,clean
T000904,2026-06-01 10:15:09,SP500-ABOVE-6000-JUN,ACCT013,ACCT026,35,132,buy,clean
T000905,2026-06-01 10:15:12,FED-CUT-JUL26,ACCT026,ACCT039,48,41,buy,clean
T000906,2026-06-01 10:15:15,SP500-ABOVE-6000-JUN,ACCT034,ACCT017,47,182,sell,clean
T000907,2026-06-01 10:15:18,PRES-2028-DEM,ACCT019,ACCT003,31,72,buy,clean
T000908,2026-06-01 10:15:21,PRES-2028-DEM,ACCT035,ACCT008,61,155,sell,clean
T000909,2026-06-01 10:15:24,PRES-2028-DEM,ACCT027,ACCT040,40,161,buy,clean
T000910,2026-06-01 10:15:27,PRES-2028-DEM,ACCT035,ACCT038,65,98,sell,clean
T000911,2026-06-01 10:15:30,PRES-2028-DEM,ACCT038,ACCT026,54,186,sell,clean
T000912,2026-06-01 10:15:33,PRES-2028-DEM,ACCT030,ACCT012,52,146,sell,clean
T000913,2026-06-01 10:15:36,PRES-2028-DEM,ACCT026,ACCT039,52,110,buy,clean
T000914,2026-06-01 10:15:39,PRES-2028-DEM,ACCT001,ACCT039,59,29,buy,clean
T000915,2026-06-01 10:15:42,FED-CUT-JUL26,ACCT010,ACCT039,81,28,sell,clean
T000916,2026-06-01 10:15:45,SP500-ABOVE-6000-JUN,ACCT029,ACCT011,45,63,buy,clean
T000917,2026-06-01 10:15:48,PRES-2028-DEM,ACCT007,ACCT035,45,107,buy,clean
T000918,2026-06-01 10:15:51,FED-CUT-JUL26,ACCT010,ACCT023,45,176,sell,clean
T000919,2026-06-01 10:15:54,PRES-2028-DEM,ACCT007,ACCT019,39,31,sell,clean
T000920,2026-06-01 10:15:57,SP500-ABOVE-6000-JUN,ACCT022,ACCT039,55,171,sell,clean
T000921,2026-06-01 10:16:00,FED-CUT-JUL26,ACCT024,ACCT017,57,20,buy,clean
T000922,2026-06-01 10:16:03,FED-CUT-JUL26,ACCT031,ACCT005,59,187,sell,clean
T000923,2026-06-01 10:16:06,PRES-2028-DEM,ACCT025,ACCT023,44,178,sell,clean
T000924,2026-06-01 10:16:09,SP500-ABOVE-6000-JUN,ACCT032,ACCT035,35,59,sell,clean
T000925,2026-06-01 10:16:12,SP500-ABOVE-6000-JUN,ACCT015,ACCT006,50,5,sell,clean
T000926,2026-06-01 10:16:15,FED-CUT-JUL26,ACCT024,ACCT009,48,142,sell,clean
T000927,2026-06-01 10:16:18,PRES-2028-DEM,ACCT008,ACCT010,48,109,sell,clean
T000928,2026-06-01 10:16:21,SP500-ABOVE-6000-JUN,ACCT011,ACCT002,53,63,buy,clean
T000929,2026-06-01 10:16:24,PRES-2028-DEM,ACCT031,ACCT009,49,77,sell,clean
T000930,2026-06-01 10:16:27,SP500-ABOVE-6000-JUN,ACCT001,ACCT019,53,165,buy,clean
T000931,2026-06-01 10:16:30,FED-CUT-JUL26,ACCT030,ACCT036,47,147,sell,clean
T000932,2026-06-01 10:16:33,PRES-2028-DEM,ACCT034,ACCT025,56,55,sell,clean
T000933,2026-06-01 10:16:36,SP500-ABOVE-6000-JUN,ACCT036,ACCT039,62,120,sell,clean
T000934,2026-06-01 10:16:39,FED-CUT-JUL26,ACCT028,ACCT013,49,93,sell,clean
T000935,2026-06-01 10:16:42,PRES-2028-DEM,ACCT005,ACCT014,33,80,buy,clean
T000936,2026-06-01 10:16:45,SP500-ABOVE-6000-JUN,ACCT037,ACCT003,30,12,buy,clean
T000937,2026-06-01 10:16:48,FED-CUT-JUL26,ACCT019,ACCT026,39,101,sell,clean
T000938,2026-06-01 10:16:51,SP500-ABOVE-6000-JUN,ACCT033,ACCT007,29,7,sell,clean
T000939,2026-06-01 10:16:54,PRES-2028-DEM,ACCT030,ACCT006,53,184,buy,clean
T000940,2026-06-01 10:16:57,SP500-ABOVE-6000-JUN,ACCT034,ACCT039,33,88,sell,clean
T000941,2026-06-01 10:17:00,FED-CUT-JUL26,ACCT003,ACCT025,52,156,buy,clean
T000942,2026-06-01 10:17:03,PRES-2028-DEM,ACCT010,ACCT020,19,23,sell,clean
T000943,2026-06-01 10:17:06,FED-CUT-JUL26,ACCT011,ACCT005,47,23,buy,clean
T000944,2026-06-01 10:17:09,FED-CUT-JUL26,ACCT029,ACCT009,79,125,buy,clean
T000945,2026-06-01 10:17:12,SP500-ABOVE-6000-JUN,ACCT009,ACCT029,34,81,sell,clean
T000946,2026-06-01 10:17:15,SP500-ABOVE-6000-JUN,ACCT003,ACCT040,54,63,buy,clean
T000947,2026-06-01 10:17:18,SP500-ABOVE-6000-JUN,ACCT026,ACCT005,54,172,buy,clean
T000948,2026-06-01 10:17:21,FED-CUT-JUL26,ACCT007,ACCT006,52,102,sell,clean
T000949,2026-06-01 10:17:24,FED-CUT-JUL26,ACCT039,ACCT032,54,30,sell,clean
T000950,2026-06-01 10:17:27,FED-CUT-JUL26,ACCT010,ACCT014,48,154,sell,clean
T000951,2026-06-01 10:17:30,PRES-2028-DEM,ACCT004,ACCT014,70,176,sell,clean
T000952,2026-06-01 10:17:33,PRES-2028-DEM,ACCT018,ACCT026,71,116,sell,clean
T000953,2026-06-01 10:17:36,PRES-2028-DEM,ACCT028,ACCT022,59,51,sell,clean
T000954,2026-06-01 10:17:39,PRES-2028-DEM,ACCT028,ACCT023,63,3,buy,clean
T000955,2026-06-01 10:17:42,SP500-ABOVE-6000-JUN,ACCT021,ACCT001,57,38,sell,clean
T000956,2026-06-01 10:17:45,SP500-ABOVE-6000-JUN,ACCT001,ACCT029,72,163,sell,clean
T000957,2026-06-01 10:17:48,PRES-2028-DEM,ACCT027,ACCT035,52,56,sell,clean
T000958,2026-06-01 10:17:51,FED-CUT-JUL26,ACCT024,ACCT002,46,32,sell,clean
T000959,2026-06-01 10:17:54,SP500-ABOVE-6000-JUN,ACCT028,ACCT034,60,46,sell,clean
T000960,2026-06-01 10:17:57,PRES-2028-DEM,ACCT035,ACCT028,32,177,sell,clean
T000961,2026-06-01 10:18:00,PRES-2028-DEM,ACCT006,ACCT002,40,128,buy,clean
T000962,2026-06-01 10:18:03,SP500-ABOVE-6000-JUN,ACCT019,ACCT027,54,142,sell,clean
T000963,2026-06-01 10:18:06,FED-CUT-JUL26,ACCT030,ACCT027,64,190,sell,clean
T000964,2026-06-01 10:18:09,FED-CUT-JUL26,ACCT017,ACCT020,61,107,buy,clean
T000965,2026-06-01 10:18:12,PRES-2028-DEM,ACCT024,ACCT034,56,86,buy,clean
T000966,2026-06-01 10:18:15,PRES-2028-DEM,ACCT040,ACCT026,60,148,sell,clean
T000967,2026-06-01 10:18:18,FED-CUT-JUL26,ACCT034,ACCT011,44,33,buy,clean
T000968,2026-06-01 10:18:21,FED-CUT-JUL26,ACCT014,ACCT006,60,161,buy,clean
T000969,2026-06-01 10:18:24,PRES-2028-DEM,ACCT037,ACCT025,69,117,sell,clean
T000970,2026-06-01 10:18:27,SP500-ABOVE-6000-JUN,ACCT016,ACCT025,52,71,buy,clean
T000971,2026-06-01 10:18:30,PRES-2028-DEM,ACCT030,ACCT039,54,68,buy,clean
T000972,2026-06-01 10:18:33,PRES-2028-DEM,ACCT026,ACCT007,47,19,sell,clean
T000973,2026-06-01 10:18:36,FED-CUT-JUL26,ACCT029,ACCT011,50,46,buy,clean
T000974,2026-06-01 10:18:39,SP500-ABOVE-6000-JUN,ACCT039,ACCT035,64,66,buy,clean
T000975,2026-06-01 10:18:42,SP500-ABOVE-6000-JUN,ACCT033,ACCT010,52,56,buy,clean
T000976,2026-06-01 10:18:45,SP500-ABOVE-6000-JUN,ACCT009,ACCT018,48,24,sell,clean
T000977,2026-06-01 10:18:48,FED-CUT-JUL26,ACCT013,ACCT017,58,184,sell,clean
T000978,2026-06-01 10:18:51,SP500-ABOVE-6000-JUN,ACCT020,ACCT011,58,125,sell,clean
T000979,2026-06-01 10:18:54,SP500-ABOVE-6000-JUN,ACCT007,ACCT039,44,91,sell,clean
T000980,2026-06-01 10:18:57,SP500-ABOVE-6000-JUN,ACCT017,ACCT038,36,166,sell,clean
T000981,2026-06-01 10:19:00,FED-CUT-JUL26,ACCT028,ACCT012,47,169,sell,clean
T000982,2026-06-01 10:19:03,FED-CUT-JUL26,ACCT001,ACCT022,53,83,buy,clean
T000983,2026-06-01 10:19:06,SP500-ABOVE-6000-JUN,ACCT014,ACCT007,32,172,buy,clean
T000984,2026-06-01 10:19:09,PRES-2028-DEM,ACCT013,ACCT004,54,71,sell,clean
T000985,2026-06-01 10:19:12,FED-CUT-JUL26,ACCT038,ACCT025,50,5,buy,clean
T000986,2026-06-01 10:19:15,FED-CUT-JUL26,ACCT003,ACCT035,52,166,buy,clean
T000987,2026-06-01 10:19:18,FED-CUT-JUL26,ACCT020,ACCT018,45,21,sell,clean
T000988,2026-06-01 10:19:21,SP500-ABOVE-6000-JUN,ACCT030,ACCT032,68,32,sell,clean
T000989,2026-06-01 10:19:24,PRES-2028-DEM,ACCT009,ACCT007,73,186,sell,clean
T000990,2026-06-01 10:19:27,FED-CUT-JUL26,ACCT035,ACCT001,72,67,buy,clean
T000991,2026-06-01 10:19:30,FED-CUT-JUL26,ACCT040,ACCT025,49,36,sell,clean
T000992,2026-06-01 10:19:33,SP500-ABOVE-6000-JUN,ACCT027,ACCT029,42,62,sell,clean
T000993,2026-06-01 10:19:36,FED-CUT-JUL26,ACCT015,ACCT006,49,22,sell,clean
T000994,2026-06-01 10:19:39,FED-CUT-JUL26,ACCT004,ACCT014,58,99,buy,clean
T000995,2026-06-01 10:19:42,SP500-ABOVE-6000-JUN,ACCT034,ACCT033,62,80,sell,clean
T000996,2026-06-01 10:19:45,PRES-2028-DEM,ACCT024,ACCT025,73,132,buy,clean
T000997,2026-06-01 10:19:48,PRES-2028-DEM,ACCT020,ACCT037,45,28,buy,clean
T000998,2026-06-01 10:19:51,PRES-2028-DEM,ACCT031,ACCT034,40,141,buy,clean
T000999,2026-06-01 10:19:54,SP500-ABOVE-6000-JUN,ACCT028,ACCT033,43,95,buy,clean
T001000,2026-06-01 10:19:57,PRES-2028-DEM,ACCT026,ACCT012,37,127,sell,clean
T001001,2026-06-01 10:20:00,PRES-2028-DEM,ACCT008,ACCT004,62,62,buy,clean
T001002,2026-06-01 10:20:03,SP500-ABOVE-6000-JUN,ACCT026,ACCT007,54,178,sell,clean
T001003,2026-06-01 10:20:06,FED-CUT-JUL26,ACCT019,ACCT039,49,48,sell,clean
T001004,2026-06-01 10:20:09,PRES-2028-DEM,ACCT011,ACCT012,43,4,sell,clean
T001005,2026-06-01 10:20:12,FED-CUT-JUL26,ACCT005,ACCT011,39,153,sell,clean
T001006,2026-06-01 10:20:15,PRES-2028-DEM,ACCT031,ACCT008,52,175,sell,clean
T001007,2026-06-01 10:20:18,PRES-2028-DEM,ACCT007,ACCT020,53,126,sell,clean
T001008,2026-06-01 10:20:21,PRES-2028-DEM,ACCT023,ACCT020,43,199,sell,clean
T001009,2026-06-01 10:20:24,PRES-2028-DEM,ACCT010,ACCT027,60,37,sell,clean
T001010,2026-06-01 10:20:27,SP500-ABOVE-6000-JUN,ACCT028,ACCT024,51,97,buy,clean
T001011,2026-06-01 10:20:30,SP500-ABOVE-6000-JUN,ACCT012,ACCT017,59,85,sell,clean
T001012,2026-06-01 10:20:33,SP500-ABOVE-6000-JUN,ACCT034,ACCT022,53,117,sell,clean
T001013,2026-06-01 10:20:36,SP500-ABOVE-6000-JUN,ACCT010,ACCT030,43,75,buy,clean
T001014,2026-06-01 10:20:39,FED-CUT-JUL26,ACCT001,ACCT030,59,152,buy,clean
T001015,2026-06-01 10:20:42,FED-CUT-JUL26,ACCT001,ACCT004,49,73,buy,clean
T001016,2026-06-01 10:20:45,PRES-2028-DEM,ACCT028,ACCT038,58,9,sell,clean
T001017,2026-06-01 10:20:48,PRES-2028-DEM,ACCT017,ACCT020,43,112,sell,clean
T001018,2026-06-01 10:20:51,SP500-ABOVE-6000-JUN,ACCT013,ACCT020,46,161,sell,clean
T001019,2026-06-01 10:20:54,SP500-ABOVE-6000-JUN,ACCT029,ACCT021,31,92,sell,clean
T001020,2026-06-01 10:20:57,FED-CUT-JUL26,ACCT030,ACCT002,52,197,sell,clean
T001021,2026-06-01 10:21:00,SP500-ABOVE-6000-JUN,ACCT033,ACCT024,60,145,sell,clean
T001022,2026-06-01 10:21:03,PRES-2028-DEM,ACCT030,ACCT034,46,15,sell,clean
T001023,2026-06-01 10:21:06,SP500-ABOVE-6000-JUN,ACCT031,ACCT022,54,150,buy,clean
T001024,2026-06-01 10:21:09,FED-CUT-JUL26,ACCT009,ACCT015,63,40,sell,clean
T001025,2026-06-01 10:21:12,PRES-2028-DEM,ACCT008,ACCT005,66,31,buy,clean
T001026,2026-06-01 10:21:15,SP500-ABOVE-6000-JUN,ACCT029,ACCT026,55,104,sell,clean
T001027,2026-06-01 10:21:18,SP500-ABOVE-6000-JUN,ACCT029,ACCT040,54,6,buy,clean
T001028,2026-06-01 10:21:21,SP500-ABOVE-6000-JUN,ACCT035,ACCT013,40,171,buy,clean
T001029,2026-06-01 10:21:24,SP500-ABOVE-6000-JUN,ACCT007,ACCT030,39,8,sell,clean
T001030,2026-06-01 10:21:27,SP500-ABOVE-6000-JUN,ACCT020,ACCT003,34,159,sell,clean
T001031,2026-06-01 10:21:30,SP500-ABOVE-6000-JUN,ACCT030,ACCT018,57,129,buy,clean
T001032,2026-06-01 10:21:33,PRES-2028-DEM,ACCT010,ACCT023,41,118,buy,clean
T001033,2026-06-01 10:21:36,SP500-ABOVE-6000-JUN,ACCT031,ACCT025,65,47,sell,clean
T001034,2026-06-01 10:21:39,SP500-ABOVE-6000-JUN,ACCT026,ACCT005,72,41,buy,clean
T001035,2026-06-01 10:21:42,FED-CUT-JUL26,ACCT021,ACCT015,71,188,buy,clean
T001036,2026-06-01 10:21:45,FED-CUT-JUL26,ACCT005,ACCT004,45,192,buy,clean
T001037,2026-06-01 10:21:48,FED-CUT-JUL26,ACCT007,ACCT029,24,147,buy,clean
T001038,2026-06-01 10:21:51,FED-CUT-JUL26,ACCT015,ACCT013,49,136,buy,clean
T001039,2026-06-01 10:21:54,SP500-ABOVE-6000-JUN,ACCT007,ACCT014,56,2,sell,clean
T001040,2026-06-01 10:21:57,FED-CUT-JUL26,ACCT012,ACCT034,27,147,sell,clean
T001041,2026-06-01 10:22:00,PRES-2028-DEM,ACCT029,ACCT028,32,146,buy,clean
T001042,2026-06-01 10:22:03,FED-CUT-JUL26,ACCT015,ACCT004,41,58,sell,clean
T001043,2026-06-01 10:22:06,PRES-2028-DEM,ACCT019,ACCT005,41,133,sell,clean
T001044,2026-06-01 10:22:09,PRES-2028-DEM,ACCT038,ACCT031,82,168,buy,clean
T001045,2026-06-01 10:22:12,FED-CUT-JUL26,ACCT004,ACCT009,56,85,buy,clean
T001046,2026-06-01 10:22:15,SP500-ABOVE-6000-JUN,ACCT040,ACCT003,47,107,buy,clean
T001047,2026-06-01 10:22:18,PRES-2028-DEM,ACCT003,ACCT032,32,111,sell,clean
T001048,2026-06-01 10:22:21,PRES-2028-DEM,ACCT013,ACCT035,40,176,buy,clean
T001049,2026-06-01 10:22:24,SP500-ABOVE-6000-JUN,ACCT009,ACCT028,45,30,sell,clean
T001050,2026-06-01 10:22:27,FED-CUT-JUL26,ACCT028,ACCT004,50,3,buy,clean
T001051,2026-06-01 10:22:30,PRES-2028-DEM,ACCT016,ACCT004,55,47,sell,clean
T001052,2026-06-01 10:22:33,PRES-2028-DEM,ACCT019,ACCT009,39,32,buy,clean
T001053,2026-06-01 10:22:36,SP500-ABOVE-6000-JUN,ACCT023,ACCT015,40,94,sell,clean
T001054,2026-06-01 10:22:39,SP500-ABOVE-6000-JUN,ACCT033,ACCT007,74,181,sell,clean
T001055,2026-06-01 10:22:42,SP500-ABOVE-6000-JUN,ACCT015,ACCT020,49,96,buy,clean
T001056,2026-06-01 10:22:45,FED-CUT-JUL26,ACCT008,ACCT002,46,72,sell,clean
T001057,2026-06-01 10:22:48,SP500-ABOVE-6000-JUN,ACCT025,ACCT032,61,114,buy,clean
T001058,2026-06-01 10:22:51,FED-CUT-JUL26,ACCT035,ACCT004,48,196,sell,clean
T001059,2026-06-01 10:22:54,FED-CUT-JUL26,ACCT038,ACCT014,50,160,sell,clean
T001060,2026-06-01 10:22:57,SP500-ABOVE-6000-JUN,ACCT019,ACCT035,34,146,sell,clean
T001061,2026-06-01 10:23:00,PRES-2028-DEM,ACCT009,ACCT001,46,71,buy,clean
T001062,2026-06-01 10:23:03,FED-CUT-JUL26,ACCT003,ACCT040,48,65,buy,clean
T001063,2026-06-01 10:23:06,FED-CUT-JUL26,ACCT012,ACCT029,37,120,buy,clean
T001064,2026-06-01 10:23:09,PRES-2028-DEM,ACCT038,ACCT006,47,81,buy,clean
T001065,2026-06-01 10:23:12,FED-CUT-JUL26,ACCT017,ACCT032,61,38,buy,clean
T001066,2026-06-01 10:23:15,SP500-ABOVE-6000-JUN,ACCT029,ACCT038,43,59,buy,clean
T001067,2026-06-01 10:23:18,FED-CUT-JUL26,ACCT035,ACCT003,41,20,sell,clean
T001068,2026-06-01 10:23:21,FED-CUT-JUL26,ACCT037,ACCT024,58,19,sell,clean
T001069,2026-06-01 10:23:24,FED-CUT-JUL26,ACCT022,ACCT027,59,76,buy,clean
T001070,2026-06-01 10:23:27,PRES-2028-DEM,ACCT038,ACCT002,56,81,sell,clean
T001071,2026-06-01 10:23:30,SP500-ABOVE-6000-JUN,ACCT010,ACCT025,51,20,buy,clean
T001072,2026-06-01 10:23:33,SP500-ABOVE-6000-JUN,ACCT004,ACCT039,35,113,sell,clean
T001073,2026-06-01 10:23:36,PRES-2028-DEM,ACCT022,ACCT016,60,60,sell,clean
T001074,2026-06-01 10:23:39,FED-CUT-JUL26,ACCT024,ACCT006,41,93,sell,clean
T001075,2026-06-01 10:23:42,PRES-2028-DEM,ACCT035,ACCT016,52,150,buy,clean
T001076,2026-06-01 10:23:45,PRES-2028-DEM,ACCT027,ACCT033,65,162,buy,clean
T001077,2026-06-01 10:23:48,FED-CUT-JUL26,ACCT017,ACCT036,46,26,buy,clean
T001078,2026-06-01 10:23:51,PRES-2028-DEM,ACCT009,ACCT033,68,109,sell,clean
T001079,2026-06-01 10:23:54,FED-CUT-JUL26,ACCT008,ACCT022,70,152,buy,clean
T001080,2026-06-01 10:23:57,FED-CUT-JUL26,ACCT029,ACCT028,46,35,buy,clean
T001081,2026-06-01 10:24:00,FED-CUT-JUL26,ACCT030,ACCT025,46,185,sell,clean
T001082,2026-06-01 10:24:03,PRES-2028-DEM,ACCT037,ACCT034,62,110,sell,clean
T001083,2026-06-01 10:24:06,PRES-2028-DEM,ACCT003,ACCT014,41,158,sell,clean
T001084,2026-06-01 10:24:09,FED-CUT-JUL26,ACCT018,ACCT032,26,74,sell,clean
T001085,2026-06-01 10:24:12,PRES-2028-DEM,ACCT036,ACCT033,50,11,buy,clean
T001086,2026-06-01 10:24:15,FED-CUT-JUL26,ACCT037,ACCT028,48,117,sell,clean
T001087,2026-06-01 10:24:18,FED-CUT-JUL26,ACCT017,ACCT006,74,188,buy,clean
T001088,2026-06-01 10:24:21,FED-CUT-JUL26,ACCT011,ACCT033,43,189,buy,clean
T001089,2026-06-01 10:24:24,SP500-ABOVE-6000-JUN,ACCT034,ACCT021,55,161,buy,clean
T001090,2026-06-01 10:24:27,PRES-2028-DEM,ACCT013,ACCT017,36,48,sell,clean
T001091,2026-06-01 10:24:30,PRES-2028-DEM,ACCT034,ACCT014,54,143,buy,clean
T001092,2026-06-01 10:24:33,SP500-ABOVE-6000-JUN,ACCT025,ACCT038,51,136,buy,clean
T001093,2026-06-01 10:24:36,FED-CUT-JUL26,ACCT026,ACCT039,41,25,buy,clean
T001094,2026-06-01 10:24:39,FED-CUT-JUL26,ACCT016,ACCT028,60,82,buy,clean
T001095,2026-06-01 10:24:42,FED-CUT-JUL26,ACCT032,ACCT039,42,75,sell,clean
T001096,2026-06-01 10:24:45,FED-CUT-JUL26,ACCT017,ACCT021,31,109,sell,clean
T001097,2026-06-01 10:24:48,PRES-2028-DEM,ACCT022,ACCT003,45,147,buy,clean
T001098,2026-06-01 10:24:51,SP500-ABOVE-6000-JUN,ACCT002,ACCT025,65,91,buy,clean
T001099,2026-06-01 10:24:54,PRES-2028-DEM,ACCT011,ACCT035,34,75,buy,clean
T001100,2026-06-01 10:24:57,SP500-ABOVE-6000-JUN,ACCT016,ACCT001,52,135,buy,clean
T001101,2026-06-01 10:25:00,FED-CUT-JUL26,ACCT002,ACCT015,37,9,sell,clean
T001102,2026-06-01 10:25:03,SP500-ABOVE-6000-JUN,ACCT018,ACCT006,62,181,sell,clean
T001103,2026-06-01 10:25:06,PRES-2028-DEM,ACCT007,ACCT038,52,156,sell,clean
T001104,2026-06-01 10:25:09,FED-CUT-JUL26,ACCT018,ACCT030,52,168,sell,clean
T001105,2026-06-01 10:25:12,FED-CUT-JUL26,ACCT036,ACCT018,23,137,buy,clean
T001106,2026-06-01 10:25:15,FED-CUT-JUL26,ACCT035,ACCT007,34,7,sell,clean
T001107,2026-06-01 10:25:18,PRES-2028-DEM,ACCT020,ACCT022,60,22,buy,clean
T001108,2026-06-01 10:25:21,PRES-2028-DEM,ACCT010,ACCT026,39,186,buy,clean
T001109,2026-06-01 10:25:24,SP500-ABOVE-6000-JUN,ACCT022,ACCT010,67,154,sell,clean
T001110,2026-06-01 10:25:27,FED-CUT-JUL26,ACCT035,ACCT032,43,83,sell,clean
T001111,2026-06-01 10:25:30,SP500-ABOVE-6000-JUN,ACCT006,ACCT007,45,33,buy,clean
T001112,2026-06-01 10:25:33,FED-CUT-JUL26,ACCT008,ACCT003,60,161,sell,clean
T001113,2026-06-01 10:25:36,FED-CUT-JUL26,ACCT008,ACCT028,69,174,sell,clean
T001114,2026-06-01 10:25:39,PRES-2028-DEM,ACCT010,ACCT019,41,158,sell,clean
T001115,2026-06-01 10:25:42,FED-CUT-JUL26,ACCT009,ACCT011,27,3,sell,clean
T001116,2026-06-01 10:25:45,PRES-2028-DEM,ACCT020,ACCT013,51,118,sell,clean
T001117,2026-06-01 10:25:48,PRES-2028-DEM,ACCT023,ACCT036,58,4,buy,clean
T001118,2026-06-01 10:25:51,FED-CUT-JUL26,ACCT024,ACCT040,52,144,buy,clean
T001119,2026-06-01 10:25:54,PRES-2028-DEM,ACCT018,ACCT012,49,134,sell,clean
T001120,2026-06-01 10:25:57,SP500-ABOVE-6000-JUN,ACCT040,ACCT031,50,60,buy,clean
T001121,2026-06-01 10:26:00,FED-CUT-JUL26,ACCT001,ACCT021,78,36,sell,clean
T001122,2026-06-01 10:26:03,PRES-2028-DEM,ACCT016,ACCT036,33,181,sell,clean
T001123,2026-06-01 10:26:06,PRES-2028-DEM,ACCT039,ACCT014,77,72,buy,clean
T001124,2026-06-01 10:26:09,FED-CUT-JUL26,ACCT008,ACCT036,64,46,buy,clean
T001125,2026-06-01 10:26:12,PRES-2028-DEM,ACCT040,ACCT036,69,49,sell,clean
T001126,2026-06-01 10:26:15,FED-CUT-JUL26,ACCT034,ACCT013,60,25,sell,clean
T001127,2026-06-01 10:26:18,PRES-2028-DEM,ACCT018,ACCT031,18,181,sell,clean
T001128,2026-06-01 10:26:21,SP500-ABOVE-6000-JUN,ACCT031,ACCT039,40,122,buy,clean
T001129,2026-06-01 10:26:24,SP500-ABOVE-6000-JUN,ACCT010,ACCT012,54,108,buy,clean
T001130,2026-06-01 10:26:27,SP500-ABOVE-6000-JUN,ACCT018,ACCT013,38,86,sell,clean
T001131,2026-06-01 10:26:30,SP500-ABOVE-6000-JUN,ACCT026,ACCT027,59,17,buy,clean
T001132,2026-06-01 10:26:33,PRES-2028-DEM,ACCT018,ACCT039,54,45,buy,clean
T001133,2026-06-01 10:26:36,FED-CUT-JUL26,ACCT030,ACCT037,52,119,buy,clean
T001134,2026-06-01 10:26:39,PRES-2028-DEM,ACCT021,ACCT038,48,44,buy,clean
T001135,2026-06-01 10:26:42,SP500-ABOVE-6000-JUN,ACCT016,ACCT020,58,49,buy,clean
T001136,2026-06-01 10:26:45,PRES-2028-DEM,ACCT018,ACCT009,38,49,sell,clean
T001137,2026-06-01 10:26:48,FED-CUT-JUL26,ACCT017,ACCT006,34,90,sell,clean
T001138,2026-06-01 10:26:51,SP500-ABOVE-6000-JUN,ACCT037,ACCT014,62,166,sell,clean
T001139,2026-06-01 10:26:54,SP500-ABOVE-6000-JUN,ACCT018,ACCT006,41,56,sell,clean
T001140,2026-06-01 10:26:57,SP500-ABOVE-6000-JUN,ACCT012,ACCT031,60,96,sell,clean
T001141,2026-06-01 10:27:00,PRES-2028-DEM,ACCT011,ACCT027,39,26,buy,clean
T001142,2026-06-01 10:27:03,PRES-2028-DEM,ACCT002,ACCT029,54,148,sell,clean
T001143,2026-06-01 10:27:06,FED-CUT-JUL26,ACCT039,ACCT022,37,11,buy,clean
T001144,2026-06-01 10:27:09,SP500-ABOVE-6000-JUN,ACCT026,ACCT038,64,77,buy,clean
T001145,2026-06-01 10:27:12,PRES-2028-DEM,ACCT006,ACCT020,51,89,sell,clean
T001146,2026-06-01 10:27:15,PRES-2028-DEM,ACCT013,ACCT012,48,61,buy,clean
T001147,2026-06-01 10:27:18,SP500-ABOVE-6000-JUN,ACCT024,ACCT001,39,121,sell,clean
T001148,2026-06-01 10:27:21,SP500-ABOVE-6000-JUN,ACCT016,ACCT007,42,35,sell,clean
T001149,2026-06-01 10:27:24,SP500-ABOVE-6000-JUN,ACCT005,ACCT023,30,151,buy,clean
T001150,2026-06-01 10:27:27,FED-CUT-JUL26,ACCT024,ACCT022,49,154,sell,clean
T001151,2026-06-01 10:27:30,PRES-2028-DEM,ACCT014,ACCT020,39,168,buy,clean
T001152,2026-06-01 10:27:33,SP500-ABOVE-6000-JUN,ACCT031,ACCT003,47,46,buy,clean
T001153,2026-06-01 10:27:36,PRES-2028-DEM,ACCT023,ACCT007,43,4,buy,clean
T001154,2026-06-01 10:27:39,SP500-ABOVE-6000-JUN,ACCT030,ACCT001,19,103,sell,clean
T001155,2026-06-01 10:27:42,SP500-ABOVE-6000-JUN,ACCT008,ACCT039,59,129,sell,clean
T001156,2026-06-01 10:27:45,PRES-2028-DEM,ACCT012,ACCT028,38,173,buy,clean
T001157,2026-06-01 10:27:48,SP500-ABOVE-6000-JUN,ACCT038,ACCT017,57,187,sell,clean
T001158,2026-06-01 10:27:51,PRES-2028-DEM,ACCT032,ACCT030,33,176,sell,clean
T001159,2026-06-01 10:27:54,PRES-2028-DEM,ACCT035,ACCT018,54,5,sell,clean
T001160,2026-06-01 10:27:57,FED-CUT-JUL26,ACCT003,ACCT035,49,22,buy,clean
T001161,2026-06-01 10:28:00,FED-CUT-JUL26,ACCT023,ACCT030,46,188,sell,clean
T001162,2026-06-01 10:28:03,PRES-2028-DEM,ACCT039,ACCT007,25,21,sell,clean
T001163,2026-06-01 10:28:06,SP500-ABOVE-6000-JUN,ACCT017,ACCT006,56,30,buy,clean
T001164,2026-06-01 10:28:09,PRES-2028-DEM,ACCT004,ACCT024,42,112,sell,clean
T001165,2026-06-01 10:28:12,SP500-ABOVE-6000-JUN,ACCT026,ACCT012,45,105,buy,clean
T001166,2026-06-01 10:28:15,FED-CUT-JUL26,ACCT039,ACCT021,57,182,sell,clean
T001167,2026-06-01 10:28:18,SP500-ABOVE-6000-JUN,ACCT030,ACCT038,35,139,sell,clean
T001168,2026-06-01 10:28:21,FED-CUT-JUL26,ACCT023,ACCT029,63,128,buy,clean
T001169,2026-06-01 10:28:24,SP500-ABOVE-6000-JUN,ACCT037,ACCT006,39,89,buy,clean
T001170,2026-06-01 10:28:27,FED-CUT-JUL26,ACCT029,ACCT030,66,43,sell,clean
T001171,2026-06-01 10:28:30,FED-CUT-JUL26,ACCT036,ACCT032,61,138,buy,clean
T001172,2026-06-01 10:28:33,PRES-2028-DEM,ACCT014,ACCT008,43,41,sell,clean
T001173,2026-06-01 10:28:36,SP500-ABOVE-6000-JUN,ACCT018,ACCT021,52,171,sell,clean
T001174,2026-06-01 10:28:39,FED-CUT-JUL26,ACCT019,ACCT029,63,103,sell,clean
T001175,2026-06-01 10:28:42,SP500-ABOVE-6000-JUN,ACCT012,ACCT007,37,108,sell,clean
T001176,2026-06-01 10:28:45,SP500-ABOVE-6000-JUN,ACCT033,ACCT006,34,6,sell,clean
T001177,2026-06-01 10:28:48,SP500-ABOVE-6000-JUN,ACCT006,ACCT024,66,168,sell,clean
T001178,2026-06-01 10:28:51,PRES-2028-DEM,ACCT012,ACCT031,74,83,buy,clean
T001179,2026-06-01 10:28:54,FED-CUT-JUL26,ACCT030,ACCT016,44,62,buy,clean
T001180,2026-06-01 10:28:57,FED-CUT-JUL26,ACCT011,ACCT016,20,2,buy,clean
T001181,2026-06-01 10:29:00,PRES-2028-DEM,ACCT027,ACCT017,61,184,buy,clean
T001182,2026-06-01 10:29:03,FED-CUT-JUL26,ACCT003,ACCT024,27,162,sell,clean
T001183,2026-06-01 10:29:06,FED-CUT-JUL26,ACCT038,ACCT008,47,169,sell,clean
T001184,2026-06-01 10:29:09,PRES-2028-DEM,ACCT022,ACCT005,31,193,buy,clean
T001185,2026-06-01 10:29:12,FED-CUT-JUL26,ACCT029,ACCT017,35,195,buy,clean
T001186,2026-06-01 10:29:15,FED-CUT-JUL26,ACCT037,ACCT024,47,184,buy,clean
T001187,2026-06-01 10:29:18,PRES-2028-DEM,ACCT009,ACCT010,31,66,buy,clean
T001188,2026-06-01 10:29:21,SP500-ABOVE-6000-JUN,ACCT001,ACCT017,40,133,sell,clean
T001189,2026-06-01 10:29:24,SP500-ABOVE-6000-JUN,ACCT010,ACCT038,56,96,sell,clean
T001190,2026-06-01 10:29:27,FED-CUT-JUL26,ACCT025,ACCT001,47,58,sell,clean
T001191,2026-06-01 10:29:30,SP500-ABOVE-6000-JUN,ACCT008,ACCT013,41,164,buy,clean
T001192,2026-06-01 10:29:33,FED-CUT-JUL26,ACCT007,ACCT022,40,137,buy,clean
T001193,2026-06-01 10:29:36,PRES-2028-DEM,ACCT017,ACCT012,43,63,buy,clean
T001194,2026-06-01 10:29:39,FED-CUT-JUL26,ACCT036,ACCT018,56,17,buy,clean
T001195,2026-06-01 10:29:42,SP500-ABOVE-6000-JUN,ACCT038,ACCT031,35,14,sell,clean
T001196,2026-06-01 10:29:45,PRES-2028-DEM,ACCT031,ACCT013,62,154,sell,clean
T001197,2026-06-01 10:29:48,PRES-2028-DEM,ACCT029,ACCT013,35,194,sell,clean
T001198,2026-06-01 10:29:51,FED-CUT-JUL26,ACCT012,ACCT022,35,166,sell,clean
T001199,2026-06-01 10:29:54,SP500-ABOVE-6000-JUN,ACCT036,ACCT033,45,194,buy,clean
T001200,2026-06-01 10:29:57,SP500-ABOVE-6000-JUN,ACCT031,ACCT032,52,111,sell,clean
T001201,2026-06-01 10:30:00,SP500-ABOVE-6000-JUN,ACCT012,ACCT013,53,55,sell,clean
T001202,2026-06-01 10:30:03,SP500-ABOVE-6000-JUN,ACCT020,ACCT040,54,83,buy,clean
T001203,2026-06-01 10:30:06,SP500-ABOVE-6000-JUN,ACCT011,ACCT021,82,168,sell,clean
T001204,2026-06-01 10:30:09,FED-CUT-JUL26,ACCT024,ACCT010,43,191,sell,clean
T001205,2026-06-01 10:30:12,FED-CUT-JUL26,ACCT001,ACCT026,61,166,buy,clean
T001206,2026-06-01 10:30:15,PRES-2028-DEM,ACCT014,ACCT017,46,83,sell,clean
T001207,2026-06-01 10:30:18,PRES-2028-DEM,ACCT014,ACCT040,26,28,buy,clean
T001208,2026-06-01 10:30:21,SP500-ABOVE-6000-JUN,ACCT038,ACCT031,77,200,sell,clean
T001209,2026-06-01 10:30:24,SP500-ABOVE-6000-JUN,ACCT025,ACCT004,63,71,sell,clean
T001210,2026-06-01 10:30:27,SP500-ABOVE-6000-JUN,ACCT005,ACCT021,69,39,buy,clean
T001211,2026-06-01 10:30:30,FED-CUT-JUL26,ACCT016,ACCT021,31,67,sell,clean
T001212,2026-06-01 10:30:33,SP500-ABOVE-6000-JUN,ACCT021,ACCT024,60,55,buy,clean
T001213,2026-06-01 10:30:36,FED-CUT-JUL26,ACCT013,ACCT017,49,6,buy,clean
T001214,2026-06-01 10:30:39,FED-CUT-JUL26,ACCT004,ACCT034,83,96,buy,clean
T001215,2026-06-01 10:30:42,FED-CUT-JUL26,ACCT035,ACCT032,47,18,buy,clean
T001216,2026-06-01 10:30:45,SP500-ABOVE-6000-JUN,ACCT006,ACCT037,64,49,buy,clean
T001217,2026-06-01 10:30:48,SP500-ABOVE-6000-JUN,ACCT010,ACCT022,65,87,sell,clean
T001218,2026-06-01 10:30:51,PRES-2028-DEM,ACCT040,ACCT025,58,110,buy,clean
T001219,2026-06-01 10:30:54,FED-CUT-JUL26,ACCT035,ACCT030,45,148,sell,clean
T001220,2026-06-01 10:30:57,PRES-2028-DEM,ACCT007,ACCT002,21,11,buy,clean
T001221,2026-06-01 10:31:00,PRES-2028-DEM,ACCT014,ACCT013,45,70,buy,clean
T001222,2026-06-01 10:31:03,FED-CUT-JUL26,ACCT008,ACCT025,73,190,buy,clean
T001223,2026-06-01 10:31:06,PRES-2028-DEM,ACCT014,ACCT025,44,45,buy,clean
T001224,2026-06-01 10:31:09,SP500-ABOVE-6000-JUN,ACCT039,ACCT023,49,49,buy,clean
T001225,2026-06-01 10:31:12,SP500-ABOVE-6000-JUN,ACCT008,ACCT030,61,108,sell,clean
T001226,2026-06-01 10:31:15,PRES-2028-DEM,ACCT028,ACCT020,52,167,sell,clean
T001227,2026-06-01 10:31:18,FED-CUT-JUL26,ACCT003,ACCT010,54,3,buy,clean
T001228,2026-06-01 10:31:21,PRES-2028-DEM,ACCT039,ACCT014,61,96,sell,clean
T001229,2026-06-01 10:31:24,SP500-ABOVE-6000-JUN,ACCT010,ACCT012,31,42,buy,clean
T001230,2026-06-01 10:31:27,FED-CUT-JUL26,ACCT017,ACCT040,40,85,buy,clean
T001231,2026-06-01 10:31:30,PRES-2028-DEM,ACCT035,ACCT025,51,44,buy,clean
T001232,2026-06-01 10:31:33,PRES-2028-DEM,ACCT027,ACCT005,60,107,sell,clean
T001233,2026-06-01 10:31:36,FED-CUT-JUL26,ACCT017,ACCT009,43,158,buy,clean
T001234,2026-06-01 10:31:39,PRES-2028-DEM,ACCT033,ACCT009,52,169,buy,clean
T001235,2026-06-01 10:31:42,PRES-2028-DEM,ACCT016,ACCT015,49,78,sell,clean
T001236,2026-06-01 10:31:45,FED-CUT-JUL26,ACCT009,ACCT021,34,149,buy,clean
T001237,2026-06-01 10:31:48,PRES-2028-DEM,ACCT010,ACCT003,54,102,sell,clean
T001238,2026-06-01 10:31:51,FED-CUT-JUL26,ACCT013,ACCT037,18,117,sell,clean
T001239,2026-06-01 10:31:54,SP500-ABOVE-6000-JUN,ACCT022,ACCT012,49,125,sell,clean
T001240,2026-06-01 10:31:57,FED-CUT-JUL26,ACCT028,ACCT002,56,59,sell,clean
T001241,2026-06-01 10:32:00,PRES-2028-DEM,ACCT023,ACCT020,35,22,buy,clean
T001242,2026-06-01 10:32:03,SP500-ABOVE-6000-JUN,ACCT015,ACCT002,56,135,buy,clean
T001243,2026-06-01 10:32:06,SP500-ABOVE-6000-JUN,ACCT034,ACCT011,46,43,buy,clean
T001244,2026-06-01 10:32:09,FED-CUT-JUL26,ACCT004,ACCT026,42,108,sell,clean
T001245,2026-06-01 10:32:12,FED-CUT-JUL26,ACCT001,ACCT005,49,80,buy,clean
T001246,2026-06-01 10:32:15,FED-CUT-JUL26,ACCT011,ACCT016,44,108,sell,clean
T001247,2026-06-01 10:32:18,FED-CUT-JUL26,ACCT009,ACCT026,64,173,buy,clean
T001248,2026-06-01 10:32:21,FED-CUT-JUL26,ACCT001,ACCT008,35,198,sell,clean
T001249,2026-06-01 10:32:24,SP500-ABOVE-6000-JUN,ACCT040,ACCT030,64,194,sell,clean
T001250,2026-06-01 10:32:27,FED-CUT-JUL26,ACCT008,ACCT030,43,182,sell,clean
T001251,2026-06-01 10:32:30,SP500-ABOVE-6000-JUN,ACCT039,ACCT024,51,127,sell,clean
T001252,2026-06-01 10:32:33,FED-CUT-JUL26,ACCT018,ACCT017,43,171,sell,clean
T001253,2026-06-01 10:32:36,FED-CUT-JUL26,ACCT016,ACCT038,33,171,sell,clean
T001254,2026-06-01 10:32:39,SP500-ABOVE-6000-JUN,ACCT025,ACCT039,22,98,buy,clean
T001255,2026-06-01 10:32:42,PRES-2028-DEM,ACCT016,ACCT024,33,155,sell,clean
T001256,2026-06-01 10:32:45,FED-CUT-JUL26,ACCT030,ACCT037,52,103,sell,clean
T001257,2026-06-01 10:32:48,SP500-ABOVE-6000-JUN,ACCT022,ACCT007,46,8,sell,clean
T001258,2026-06-01 10:32:51,PRES-2028-DEM,ACCT018,ACCT029,52,179,sell,clean
T001259,2026-06-01 10:32:54,SP500-ABOVE-6000-JUN,ACCT021,ACCT026,50,45,sell,clean
T001260,2026-06-01 10:32:57,SP500-ABOVE-6000-JUN,ACCT015,ACCT021,52,185,buy,clean
T001261,2026-06-01 10:33:00,FED-CUT-JUL26,ACCT013,ACCT017,58,87,sell,clean
T001262,2026-06-01 10:33:03,PRES-2028-DEM,ACCT013,ACCT038,44,165,sell,clean
T001263,2026-06-01 10:33:06,PRES-2028-DEM,ACCT039,ACCT026,54,88,sell,clean
T001264,2026-06-01 10:33:09,SP500-ABOVE-6000-JUN,ACCT019,ACCT040,45,58,sell,clean
T001265,2026-06-01 10:33:12,FED-CUT-JUL26,ACCT002,ACCT032,52,57,buy,clean
T001266,2026-06-01 10:33:15,FED-CUT-JUL26,ACCT016,ACCT002,58,113,sell,clean
T001267,2026-06-01 10:33:18,SP500-ABOVE-6000-JUN,ACCT026,ACCT037,75,192,sell,clean
T001268,2026-06-01 10:33:21,PRES-2028-DEM,ACCT021,ACCT035,31,35,sell,clean
T001269,2026-06-01 10:33:24,SP500-ABOVE-6000-JUN,ACCT031,ACCT035,41,155,buy,clean
T001270,2026-06-01 10:33:27,SP500-ABOVE-6000-JUN,ACCT004,ACCT030,39,112,buy,clean
T001271,2026-06-01 10:33:30,SP500-ABOVE-6000-JUN,ACCT004,ACCT023,31,17,sell,clean
T001272,2026-06-01 10:33:33,SP500-ABOVE-6000-JUN,ACCT002,ACCT039,31,35,sell,clean
T001273,2026-06-01 10:33:36,SP500-ABOVE-6000-JUN,ACCT020,ACCT022,52,131,sell,clean
T001274,2026-06-01 10:33:39,SP500-ABOVE-6000-JUN,ACCT004,ACCT023,32,19,buy,clean
T001275,2026-06-01 10:33:42,SP500-ABOVE-6000-JUN,ACCT012,ACCT002,41,31,sell,clean
T001276,2026-06-01 10:33:45,SP500-ABOVE-6000-JUN,ACCT025,ACCT027,40,88,buy,clean
T001277,2026-06-01 10:33:48,FED-CUT-JUL26,ACCT017,ACCT032,57,52,buy,clean
T001278,2026-06-01 10:33:51,PRES-2028-DEM,ACCT034,ACCT017,66,143,buy,clean
T001279,2026-06-01 10:33:54,SP500-ABOVE-6000-JUN,ACCT001,ACCT021,47,146,sell,clean
T001280,2026-06-01 10:33:57,FED-CUT-JUL26,ACCT012,ACCT035,52,175,buy,clean
T001281,2026-06-01 10:34:00,SP500-ABOVE-6000-JUN,ACCT012,ACCT033,63,8,buy,clean
T001282,2026-06-01 10:34:03,SP500-ABOVE-6000-JUN,ACCT012,ACCT038,24,128,buy,clean
T001283,2026-06-01 10:34:06,SP500-ABOVE-6000-JUN,ACCT036,ACCT025,56,172,buy,clean
T001284,2026-06-01 10:34:09,FED-CUT-JUL26,ACCT013,ACCT026,54,123,buy,clean
T001285,2026-06-01 10:34:12,SP500-ABOVE-6000-JUN,ACCT035,ACCT034,38,52,sell,clean
T001286,2026-06-01 10:34:15,FED-CUT-JUL26,ACCT028,ACCT026,45,7,sell,clean
T001287,2026-06-01 10:34:18,FED-CUT-JUL26,ACCT020,ACCT032,70,198,buy,clean
T001288,2026-06-01 10:34:21,SP500-ABOVE-6000-JUN,ACCT037,ACCT035,54,13,buy,clean
